@inproceedings {dnssly,
author = {Qurat-Ul-Ann Danyal Akbar and Marcel Flores and Aleksandar Kuzmanovic},
title = {DNS-sly: Avoiding Censorship through Network Complexity},
booktitle = {6th {USENIX} Workshop on Free and Open Communications on the Internet ({FOCI} 16)},
year = {2016},
address = {Austin, TX},
url = {https://www.usenix.org/conference/foci16/workshop-program/presentation/akbar},
publisher = {{USENIX} Association},
}
