% INTRO ------------------------------------

@misc { mobify,
        title = "{2016 Q2 Mobile Insights Report}",
        note = "\url{https://resources.mobify.com/2016-Q2-mobile-insights-benchmark-report.html}",
        year = {2016 (accessed May 2019)},
}


@inproceedings{matic19www,
 author = {Matic, Srdjan and Tyson, Gareth and Stringhini, Gianluca},
 title = {PYTHIA: A Framework for the Automated Analysis of Web Hosting Environments},
 booktitle = {The World Wide Web Conference},
 series = {WWW '19},
 year = {2019},
 isbn = {978-1-4503-6674-8},
 location = {San Francisco, CA, USA},
 pages = {3072--3078},
 numpages = {7},
 url = {http://doi.acm.org/10.1145/3308558.3313664},
 doi = {10.1145/3308558.3313664},
 acmid = {3313664},
 publisher = {ACM},
 address = {New York, NY, USA},
 keywords = {CDNs, infrastructure, topology, web},
} 

@misc { cedexis,
        title = "{Citrix Intelligent Traffic Management}",
        note = "\url{https://www.citrix.com/products/citrix-intelligent-traffic-management/}",
        year = {(accessed May 2019)},
}

@misc { conviva,
        title = "{Conviva: Video AI Platform}",
        note = "\url{https://www.conviva.com/}",
        year = {(accessed May 2019)},
}

@inproceedings{blendin18imc,
 author = {Blendin, Jeremias and Bendfeldt, Fabrice and Poese, Ingmar and Koldehofe, Boris and Hohlfeld, Oliver},
 title = {Dissecting Apple's Meta-CDN During an iOS Update},
 booktitle = {Proceedings of the Internet Measurement Conference 2018},
 series = {IMC '18},
 year = {2018},
 isbn = {978-1-4503-5619-0},
 location = {Boston, MA, USA},
 pages = {408--414},
 numpages = {7},
 url = {http://doi.acm.org/10.1145/3278532.3278567},
 doi = {10.1145/3278532.3278567},
 acmid = {3278567},
 publisher = {ACM},
 address = {New York, NY, USA},
} 

BibTeX | EndNote | ACM Ref
@inproceedings{singh18imc,
 author = {Singh, Rachee and Dunna, Arun and Gill, Phillipa},
 title = {Characterizing the Deployment and Performance of Multi-CDNs},
 booktitle = {Proceedings of the Internet Measurement Conference 2018},
 series = {IMC '18},
 year = {2018},
 isbn = {978-1-4503-5619-0},
 location = {Boston, MA, USA},
 pages = {168--174},
 numpages = {7},
 url = {http://doi.acm.org/10.1145/3278532.3278548},
 doi = {10.1145/3278532.3278548},
 acmid = {3278548},
 publisher = {ACM},
 address = {New York, NY, USA},
}

@article{kariithi11wip,
author = {Kariithi, Nixon K.},
title = {Is the Devil in the Data? A Literature Review of Piracy Around the World},
journal = {The Journal of World Intellectual Property},
volume = {14},
number = {2},
pages = {133-154},
keywords = {copyright, piracy, information goods, intellectual property rights},
doi = {10.1111/j.1747-1796.2010.00412.x},
url = {https://onlinelibrary.wiley.com/doi/abs/10.1111/j.1747-1796.2010.00412.x},
eprint = {https://onlinelibrary.wiley.com/doi/pdf/10.1111/j.1747-1796.2010.00412.x},
year = {2011}
}

@inproceedings{dasilva17bsmw,
 author = {da Silva, Daniel Vasconcelos C. and de A. Rocha, Antonio A. and Velloso, Pedro B. and Domingues, Guilherme de M.B.},
 title = {A First Look at Mobile-Live-Users of a Large CDN},
 booktitle = {Proceedings of the 23rd Brazillian Symposium on Multimedia and the Web},
 series = {WebMedia '17},
 year = {2017},
 isbn = {978-1-4503-5096-9},
 location = {Gramado, RS, Brazil},
 pages = {81--84},
 numpages = {4},
 url = {http://doi.acm.org/10.1145/3126858.3131565},
 doi = {10.1145/3126858.3131565},
 acmid = {3131565},
 publisher = {ACM},
 address = {New York, NY, USA},
 keywords = {live streaming, mobile networks},
} 

@inproceedings{kakhki2017taking,
  title={Taking a long look at QUIC: an approach for rigorous evaluation of rapidly evolving transport protocols},
  author={Kakhki, Arash Molavi and Jero, Samuel and Choffnes, David and Nita-Rotaru, Cristina and Mislove, Alan},
  booktitle={Proceedings of the 2017 Internet Measurement Conference},
  pages={290--303},
  year={2017},
  organization={ACM}
}

@article {jaccard1908nouvelles,
  title = {New research on floral distribution},
  author = {Jaccard, Paul},
  journal = {Bull. Soc. Vaud. Sci. Nat.},
  volume = {44},
  pages = {223 to 270},
  year = {1908}
}

@inproceedings{Lauinger-2013,
     author = {Lauinger, Tobias and Onarlioglu, Kaan and Chaabane, Abdelberi and Kirda, Engin and Robertson, William and Kaafar, Mohamed Ali},
      title = {Holiday Pictures or Blockbuster Movies? Insights into Copyright Infringement in User Uploads to One-Click File Hosters},
       booktitle = {Proceedings of the 16th International Symposium on Research in Attacks, Intrusions, and Defenses - Volume 8145},
        series = {RAID 2013},
         year = {2013},
          isbn = {978-3-642-41283-7},
           location = {Rodney Bay, St. Lucia},
            pages = {369--389},
             numpages = {21},
              url = {http://dx.doi.org/10.1007/978-3-642-41284-4_19},
               doi = {10.1007/978-3-642-41284-4_19},
                acmid = {2941616},
                 publisher = {Springer-Verlag New York, Inc.},
                  address = {New York, NY, USA},
                   keywords = {Abuse, illicit file sharing, one-click hosting, upload analysis},
} 

@article{hilderbrand-2007,
      title={YouTube: Where cultural memory and copyright converge},
        author={Hilderbrand, Lucas},
          journal={FILM QUART},
            volume={61},
              number={1},
                pages={48--57},
                  year={2007},
                    publisher={University of California Press}
}

@inproceedings{mahanti-2012,
      title={Characterizing cyberlocker traffic flows},
        author={Mahanti, Aniket and Carlsson, Niklas and Arlitt, Martin and Williamson, Carey},
          booktitle={37th Annual IEEE Conference on Local Computer Networks},
            pages={410--418},
              year={2012},
                organization={IEEE}
}

@incollection{clay-2011,
      title={Blocking, tracking, and monetizing: YouTube copyright control and the downfall parody},
        author={Clay, Andrew},
          year={2011},
            publisher={Institute of Network Cultures: Amsterdam}
}

@inproceedings{ding-2011,
      title={Broadcast yourself: understanding YouTube uploaders},
        author={Ding, Yuan and Du, Yuan and Hu, Yingkai and Liu, Zhengye and Wang, Luqin and Ross, Keith and Ghose, Anindya},
          booktitle={Proceedings of the 2011 ACM SIGCOMM conference on Internet measurement conference},
            pages={361--370},
              year={2011},
                organization={ACM}
}

@inproceedings{blair15iwarm,
 author = {Blair, Gordon and Bromberg, Y{\'e}rom-David and Coulson, Geoff and Elkhatib, Yehia and R{\'e}veill\`{e}re, Laurent and Ribeiro, Heverson B. and Rivi\`{e}re, Etienne and Ta\"{\i}ani, Fran\c{c}ois},
 title = {Holons: Towards a Systematic Approach to Composing Systems of Systems},
 booktitle = {Proceedings of the 14th International Workshop on Adaptive and Reflective Middleware},
 series = {ARM 2015},
 year = {2015},
 isbn = {978-1-4503-3733-5},
 location = {Vancouver, BC, Canada},
 pages = {5:1--5:6},
 articleno = {5},
 numpages = {6},
 url = {http://doi.acm.org/10.1145/2834965.2834970},
 doi = {10.1145/2834965.2834970},
 acmid = {2834970},
 publisher = {ACM},
 address = {New York, NY, USA},
 keywords = {Distributed systems, System composition, Systems of systems},
} 

% Drongo -------------------------------------------

@inproceedings{warrior2017drongo,
  title={Drongo: Speeding Up CDNs with Subnet Assimilation from the Client},
  author={Warrior, Marc Anthony and Klarman, Uri and Flores, Marcel and Kuzmanovic, Aleksandar},
  booktitle={Proceedings of the 13th International Conference on emerging Networking EXperiments and Technologies},
  pages={41--54},
  year={2017},
  organization={ACM}
}

@inproceedings{Nam2014,
 author = {Nam, Giyoung and Park, KyoungSoo},
 title = {Analyzing the Effectiveness of Content Delivery Network Interconnection of 3G Cellular Traffic},
 booktitle = {Proceedings of The Ninth International Conference on Future Internet Technologies},
 series = {CFI '14},
 year = {2014},
 isbn = {978-1-4503-2942-2},
 location = {Tokyo, Japan},
 pages = {1:1--1:6},
 articleno = {1},
 numpages = {6},
 url = {http://doi.acm.org/10.1145/2619287.2619297},
 doi = {10.1145/2619287.2619297},
 acmid = {2619297},
 publisher = {ACM},
 keywords = {CDN, CDN interocnnection, IXP, measurement},
}

@inproceedings{Wang2002,
 author = {Wang, Limin and Pai, Vivek and Peterson, Larry},
 title = {The Effectiveness of Request Redirection on CDN Robustness},
 booktitle = {Proceedings of the 5th Symposium on Operating Systems Design and implementationCopyright Restrictions Prevent ACM from Being Able to Make the PDFs for This Conference Available for Downloading},
 series = {OSDI '02},
 year = {2002},
 isbn = {978-1-4503-0111-4},
 location = {Boston, Massachusetts},
 pages = {345--360},
 numpages = {16},
 url = {http://dl.acm.org/citation.cfm?id=1060289.1060321},
 acmid = {1060321},
 publisher = {USENIX Association},
 address = {Berkeley, CA, USA},
} 

@article{Labovitz2010,
 author = {Labovitz, Craig and Iekel-Johnson, Scott and McPherson, Danny and Oberheide, Jon and Jahanian, Farnam},
 title = {Internet inter-domain traffic},
 journal = {SIGCOMM Comput. Commun. Rev.},
 issue_date = {August 2011},
 volume = {41},
 number = {4},
 month = aug,
 year = {2010},
 issn = {0146-4833},
 pages = {--},
 url = {http://dl.acm.org/citation.cfm?id=2043164.1851194},
 acmid = {1851194},
 publisher = {ACM},
 keywords = {architecture, inter-domain traffic, internet, peering policies},
}

@article{Nygren2010,
 author = {Nygren, Erik and Sitaraman, Ramesh K. and Sun, Jennifer},
 title = {The Akamai Network: A Platform for High-performance Internet Applications},
 journal = {SIGOPS Oper. Syst. Rev.},
 issue_date = {July 2010},
 volume = {44},
 number = {3},
 month = aug,
 year = {2010},
 issn = {0163-5980},
 pages = {2--19},
 numpages = {18},
 url = {http://doi.acm.org/10.1145/1842733.1842736},
 doi = {10.1145/1842733.1842736},
 acmid = {1842736},
 publisher = {ACM},
 keywords = {Akamai, CDN, DNS, HTTP, application acceleration, content delivery, fault tolerance, overlay networks, quality of service, streaming media},
}

@article{Su2006,
 author = {Su, Ao-Jan and Choffnes, David R. and Kuzmanovic, Aleksandar and Bustamante, Fabi\'{a}n E.},
 title = {Drafting Behind Akamai (Travelocity-based Detouring)},
 journal = {SIGCOMM Comput. Commun. Rev.},
 issue_date = {October 2006},
 volume = {36},
 number = {4},
 month = aug,
 year = {2006},
 issn = {0146-4833},
 pages = {435--446},
 numpages = {12},
 url = {http://doi.acm.org/10.1145/1151659.1159962},
 doi = {10.1145/1151659.1159962},
 acmid = {1159962},
 publisher = {ACM},
 keywords = {Akamai, CDN, DNS, edge server, measurement reuse, one-hop, source routing},
}

@inproceedings{McDonald:2018,
 author = {McDonald, Allison and Bernhard, Matthew and Valenta, Luke and VanderSloot, Benjamin and Scott, Will and Sullivan, Nick and Halderman, J. Alex and Ensafi, Roya},
 title = {403 Forbidden: A Global View of CDN Geoblocking},
 booktitle = {Proceedings of the Internet Measurement Conference 2018},
 series = {IMC '18},
 year = {2018},
 isbn = {978-1-4503-5619-0},
 location = {Boston, MA, USA},
 pages = {218--230},
 numpages = {13},
 url = {http://doi.acm.org/10.1145/3278532.3278552},
 doi = {10.1145/3278532.3278552},
 acmid = {3278552},
 publisher = {ACM},
 address = {New York, NY, USA},
} 

@inproceedings{Edmundson:2016,
 author = {Edmundson, Anne and Ensafi, Roya and Feamster, Nick and Rexford, Jennifer},
 title = {A First Look into Transnational Routing Detours},
 booktitle = {Proceedings of the 2016 ACM SIGCOMM Conference},
 series = {SIGCOMM '16},
 year = {2016},
 isbn = {978-1-4503-4193-6},
 location = {Florianopolis, Brazil},
 pages = {567--568},
 numpages = {2},
 url = {http://doi.acm.org/10.1145/2934872.2959081},
 doi = {10.1145/2934872.2959081},
 acmid = {2959081},
 publisher = {ACM},
 address = {New York, NY, USA},
 keywords = {routing, surveillance},
} 

@misc{AFasterInternet,
 author = {OpenDNS},
 title = {A Faster Internet: The Global Internet Speedup},
 note = "\url{http://afasterinternet.com}",
 year = {2016},
}

@misc{chinanc,
 year = {2016},
 author = {ChinaNetCenter},
 title = {ChinaNetCenter - Network},
 note = "\url{http://en.chinanetcenter.com/pages/technology/g2-network-map.php}",
}

@misc{alibaba,
     year = {2016},
    title = {Alibaba Cloud CDN},
    note = "\url{https://intl.aliyun.com/product/cdn}",
}

@techreport{RFC7871,
  author = {C. Contavalli and W. van der Gaast and D. Lawrence and W. Kumari},
  title = {Client Subnet in DNS Queries},
  howpublished = {Internet Requests for Comments},
  type = {RFC},
  number = {7871},
  year = {2016},
  month = {May},
  issn = {2070-1721},
  publisher = {RFC Editor},
  institution = {RFC Editor},
}

@misc{ ripe-atlas,
     year = {2016},
    title = "RIPE Atlas - RIPE Network Coordination Centre",
    note = "\url{https://atlas.ripe.net/}",
}

@misc{ alexa,
     year = {2016},
    title = "Alexa Top Sites",
    note = "\url{https://aws.amazon.com/alexa-top-sites/}",
}


@misc{ akamai,
    title = "Akamai",
    note = "\url{http://www.akamai.com/}",
     year = {2016},
}



@misc{ cloudfront,
     year = {2016},
    title = "{A}mazon {C}loud{F}ront {C}ontent {D}elivery {N}etwork ({CDN})",
    note = "\url{https://aws.amazon.com/cloudfront/}",
}

@misc{amazonaws,
     year = {2016},
    title = "AWS Global Infrastructure",
    note = "\url{https://aws.amazon.com/about-aws/global-infrastructure/}",
}


@misc{ edgecast,
     year = {2016},
    title = "{V}erizon {D}igital {M}edia {S}ervices",
    note = "\url{https://www.verizondigitalmedia.com/}",
}

@misc{ googlecdn,
     year = {2016},
    title = "{G}oogle {CDN} {P}latform",
    note = "\url{https://cloud.google.com/cdn/docs/}",
}

@article{Chun2003,
 author = {Chun, Brent and Culler, David and Roscoe, Timothy and Bavier, Andy and Peterson,
 Larry and Wawrzoniak, Mike and Bowman, Mic},
 title = {PlanetLab: An Overlay Testbed for Broad-coverage Services},
 journal = {SIGCOMM Comput. Commun. Rev.},
 issue_date = {July 2003},
 volume = {33},
 number = {3},
 month = jul,
 year = {2003},
 issn = {0146-4833},
 pages = {3--12},
 numpages = {10},
 url = {http://doi.acm.org/10.1145/956993.956995},
 doi = {10.1145/956993.956995},
 acmid = {956995},
 publisher = {ACM},
}

@inproceedings{Calder2013,
 author = {Calder, Matt and Fan, Xun and Hu, Zi and Katz-Bassett, Ethan and Heidemann, John and
 Govindan, Ramesh},
 title = {Mapping the Expansion of Google's Serving Infrastructure},
 booktitle = {Proceedings of the 2013 Conference on Internet Measurement Conference},
 series = {IMC '13},
 year = {2013},
 isbn = {978-1-4503-1953-9},
 location = {Barcelona, Spain},
 pages = {313--326},
 numpages = {14},
 url = {http://doi.acm.org/10.1145/2504730.2504754},
 doi = {10.1145/2504730.2504754},
 acmid = {2504754},
 publisher = {ACM},
 keywords = {CDN, DNS, geolocation, measurement},
} 

@article{zander2012accuracy,
  title={On the accuracy of IP geolocation based on IP allocation data},
  author={Zander, Sebastian},
  year={2012},
  publisher={Swinburne University of Technology. Centre for Advanced Internet Architectures}
}

@inproceedings{exploringedns,
 author = {Streibelt, Florian and B\"{o}ttger, Jan and Chatzis, Nikolaos and Smaragdakis, Georgios and Feldmann, Anja},
 title = "Exploring {EDNS}-client-subnet Adopters in Your Free Time",
 booktitle = {Proceedings of IMC '13},
 series = {IMC '13},
 year = {2013},
}

@article{competingwithfree,
 ISSN = {02767783},
 URL = {http://www.jstor.org/stable/20650294},
 author = {Michael D. Smith and Rahul Telang},
 journal = {MIS Quarterly},
 number = {2},
 pages = {321--338},
 publisher = {Management Information Systems Research Center, University of Minnesota},
 title = {Competing with Free: The Impact of Movie Broadcasts on DVD Sales and Internet Piracy},
 volume = {33},
 year = {2009}
}

@article{kangasharju2001performance,
  title={Performance evaluation of redirection schemes in content distribution networks},
  author={Kangasharju, Jussi and Ross, Keith W. and Roberts, James W.},
  journal={Computer Communications},
  volume={24},
  number={2},
  pages={207--214},
  year={2001},
  publisher={Elsevier}
}


@article{Saroiu:2002:AIC:844128.844158,
 author = {Saroiu, Stefan and Gummadi, Krishna P. and Dunn, Richard J. and Gribble, Steven D. and Levy, Henry M.},
 title = {An Analysis of Internet Content Delivery Systems},
 journal = {SIGOPS Oper. Syst. Rev.},
 issue_date = {Winter 2002},
 volume = {36},
 number = {SI},
 month = dec,
 year = {2002},
 issn = {0163-5980},
 pages = {315--327},
 numpages = {13},
 url = {http://doi.acm.org/10.1145/844128.844158},
 doi = {10.1145/844128.844158},
 acmid = {844158},
 publisher = {ACM},
} 

@article{gueye2006constraint,
  title={Constraint-based geolocation of internet hosts},
  author={Gueye, Bamba and Ziviani, Artur and Crovella, Mark and Fdida, Serge},
  journal={IEEE/ACM Transactions on Networking (TON)},
  volume={14},
  number={6},
  pages={1219--1232},
  year={2006},
  publisher={IEEE Press}
}

@inproceedings{benchaita2016stability,
  title={Stability and optimization of DNS-based request redirection in CDNs},
  author={Bencha{\"\i}ta, Walid and Ghamri-Doudane, Samir and Tixeuil, S{\'e}bastien},
  booktitle={Proceedings of the 17th International Conference on Distributed Computing and Networking},
  pages={11},
  year={2016},
  organization={ACM}
}

@inproceedings{Katabi:2000:FSG:347059.347388,
 author = {Katabi, Dina and Wroclawski, John},
 title = {A Framework for Scalable Global IP-anycast (GIA)},
 booktitle = {Proceedings of the Conference on Applications, Technologies, Architectures, and Protocols for Computer Communication},
 series = {SIGCOMM '00},
 year = {2000},
 isbn = {1-58113-223-9},
 location = {Stockholm, Sweden},
 pages = {3--15},
 numpages = {13},
 url = {http://doi.acm.org/10.1145/347059.347388},
 doi = {10.1145/347059.347388},
 acmid = {347388},
 publisher = {ACM},
 keywords = {Internet, anycast, architecture, routing, scalable},
} 



@article{Paxson:1996:ERB:248157.248160,
 author = {Paxson, Vern},
 title = {End-to-end Routing Behavior in the Internet},
 journal = {SIGCOMM Comput. Commun. Rev.},
 issue_date = {Oct. 1996},
 volume = {26},
 number = {4},
 month = aug,
 year = {1996},
 issn = {0146-4833},
 pages = {25--38},
 numpages = {14},
 url = {http://doi.acm.org/10.1145/248157.248160},
 doi = {10.1145/248157.248160},
 acmid = {248160},
 publisher = {ACM},
} 

@inproceedings{35590,
title = {Moving Beyond End-to-End Path Information to Optimize CDN Performance},
author  = {Rupa Krishnan and Harsha V. Madhyastha and Sushant Jain and Sridhar Srinivasan and Arvind Krishnamurthy and Thomas Anderson and Jie Gao},
year  = 2009,
URL = {http://research.google.com/archive/imc191/imc191.pdf},
booktitle = {Internet Measurement Conference (IMC)},
pages = {190--201},
address = {Chicago, IL}
}

@inproceedings{Flach:2012:QVD:2398776.2398804,
 author = {Flach, Tobias and Katz-Bassett, Ethan and Govindan, Ramesh},
 title = {Quantifying Violations of Destination-based Forwarding on the Internet},
 booktitle = {Proceedings of the 2012 ACM Conference on Internet Measurement Conference},
 series = {IMC '12},
 year = {2012},
 isbn = {978-1-4503-1705-4},
 location = {Boston, Massachusetts, USA},
 pages = {265--272},
 numpages = {8},
 url = {http://doi.acm.org/10.1145/2398776.2398804},
 doi = {10.1145/2398776.2398804},
 acmid = {2398804},
 publisher = {ACM},
 keywords = {forwarding, measurements, ping, routing, traceroute},
} 





@misc { googlepubdns,
         year = {2016},
        title = "{Google Public DNS}",
        note = "\url{https://developers.google.com/speed/public-dns/docs/using?hl=en}",
}


@misc { opendns,
         year = {2016},
        title = "{OpenDNS}",
        note = "\url{https://www.opendns.com/}",
}

@misc { dnspythonecs,
         year = {2016},
        title = "{ECS for dnspython}",
        note = "\url{https://github.com/mutax/dnspython-clientsubnetoption}"
}


@misc { cdnplanet,
         year = {2016},
        title = "{Which CDNS support EDNS-client-subnet}",
        note = "\url{https://cloud.google.com/dns/}",
}


@misc { godaddydns,
         year = {2016},
        title = "{GoDaddy: Premium DNS}",
        note = "\url{https://www.godaddy.com/domains/dns-hosting.aspx}",
}


@misc { akamaidns,
         year = {2016},
        title = "{Akamai: Fast DNS}",
        note = "\url{https://www.akamai.com/us/en/solutions/products/cloud-security/fast-dns.jsp}",
}

@misc { amazondns,
         year = {2016},
        title = "{Amazon Route 53}",
        note = "\url{https://aws.amazon.com/route53/}",
}

@misc { googledns,
         year = {2016},
        title = "{Google Cloud Platform: Cloud DNS}",
        note = "\url{https://cloud.google.com/dns/}",
}




@misc { verisigndns,
         year = {2016},
        title = "{Verisign Managed DNS}",
        note = "\url{http://www.verisign.com/en_US/security-services/dns-management/index.xhtml}",
}



@misc { ultradns,
         year = {2016},
        title = "{Neustar DNS Services}",
        note = "\url{https://www.neustar.biz/services/dns-services}",
}


@misc { dnsmadeeasydns,
         year = {2016},
        title = "{DNSMadeEasy}",
        note = "\url{http://www.dnsmadeeasy.com/}",
}



@misc { cdnetdns,
         year = {2016},
        title = "{CDNetworks Cloud DNS}",
        note = "\url{https://www.cdnetworks.com/products/cloud-dns/}",
}





@misc { dyndns,
         year = {2016},
        title = "{Dyn DNS}",
        note = "\url{http://dyn.com/dns/}",
}



@misc { azuredns,
         year = {2016},
        title = "{Azure DNS}",
        note = "\url{https://azure.microsoft.com/en-us/services/dns/}",
}





@inproceedings{ ecs15sigcomm,
    author = "F. Chen and R. Sitaraman and M. Torres",
    title = "End-User Mapping: Next Generation Request Routing for Content Delivery",
    booktitle = "Proceedings of ACM SIGCOMM '15",
    year = "2015",
    month = aug,
    address =   "London, UK"
}









@inproceedings{Mao:2002:PEE:647057.759950,
 author = {Mao, Zhuoqing Morley and Cranor, Charles D. and Douglis, Fred and Rabinovich, Michael and Spatscheck, Oliver and Wang, Jia},
 title = {A Precise and Efficient Evaluation of the Proximity Between Web Clients and Their Local DNS Servers},
 booktitle = {Proceedings of the General Track of the Annual Conference on USENIX Annual Technical Conference},
 series = {ATEC '02},
 year = {2002},
 isbn = {1-880446-00-6},
 pages = {229--242},
 numpages = {14},
 url = {http://dl.acm.org/citation.cfm?id=647057.759950},
 acmid = {759950},
 publisher = {USENIX Association},
 address = {Berkeley, CA, USA},
} 







@inproceedings {189010,
author = {Michael Butkiewicz and Daimeng Wang and Zhe Wu and Harsha V. Madhyastha and Vyas Sekar},
title = {Klotski: Reprioritizing Web Content to Improve User Experience on Mobile Devices},
booktitle = {12th USENIX Symposium on Networked Systems Design and Implementation (NSDI 15)},
year = {2015},
month = May,
isbn = {978-1-931971-218},
address = {Oakland, CA},
pages = {439--453},
url = {https://www.usenix.org/conference/nsdi15/technical-sessions/presentation/butkiewicz},
publisher = {USENIX Association},
}


@inproceedings {194916,
author = {Ravi Netravali and Ameesh Goyal and James Mickens and Hari Balakrishnan},
title = {Polaris: Faster Page Loads Using Fine-grained Dependency Tracking},
booktitle = {13th USENIX Symposium on Networked Systems Design and Implementation (NSDI 16)},
year = {2016},
month = Mar,
address = {Santa Clara, CA},
url = {https://www.usenix.org/conference/nsdi16/technical-sessions/presentation/netravali},
publisher = {USENIX Association},
}

@inproceedings {194914,
author = {Xiao Sophia Wang and Arvind Krishnamurthy and David Wetherall},
title = {Speeding up Web Page Loads with Shandian},
booktitle = {13th USENIX Symposium on Networked Systems Design and Implementation (NSDI 16)},
year = {2016},
month = Mar,
isbn = {978-1-931971-29-4},
address = {Santa Clara, CA},
pages = {109--122},
url = {https://www.usenix.org/conference/nsdi16/technical-sessions/presentation/wang},
publisher = {USENIX Association},
}



@misc { shopzilla,
         year = {2016},
        title = " Shopzilla: faster page load time = 12 percent revenue increase",
        note = "\url{ http://www. strangeloopnetworks.com/resources/ infographics/web-performance-andecommerce/shopzilla-faster-pages- 12-revenue-increase/}",
}



@misc { lat-cost,
         year = {2016},
        title = " The Cost of Latency",
        note = "\url{ http://perspectives.mvdirona.com/2009/10/the-cost-of-latency/}",
}



@inproceedings{Padhye:1998:MTT:285237.285291,
 author = {Padhye, Jitendra and Firoiu, Victor and Towsley, Don and Kurose, Jim},
 title = {Modeling TCP Throughput: A Simple Model and Its Empirical Validation},
 booktitle = {Proceedings of the ACM SIGCOMM '98 Conference on Applications, Technologies, Architectures, and Protocols for Computer Communication},
 series = {SIGCOMM '98},
 year = {1998},
 isbn = {1-58113-003-1},
 location = {Vancouver, British Columbia, Canada},
 pages = {303--314},
 numpages = {12},
 url = {http://doi.acm.org/10.1145/285237.285291},
 doi = {10.1145/285237.285291},
 acmid = {285291},
 publisher = {ACM},
} 

@misc { greta,
         year = {2016},
        title = "{S}weden's {G}reta wants to disrupt the multi-billion {CDN} market",
        note = "\url{https://techcrunch.com/2016/08/30/greta/}",
}

@MISC{speedoflight,
	title={{Data, The Speed Of Light And You}},
	author={Fergal Toomey},
	year = 2015,
	note={\url{https://techcrunch.com/2015/11/08/data-the-speed-of-light-and-you/}}
}

@inproceedings{Alzoubi2013,
 author = {Alzoubi, Hussein A. and Rabinovich, Michael and Spatscheck, Oliver},
 title = {The Anatomy of LDNS Clusters: Findings and Implications for Web Content Delivery},
 booktitle = {Proceedings of the 22Nd International Conference on World Wide Web},
 series = {WWW '13},
 year = {2013},
 isbn = {978-1-4503-2035-1},
 location = {Rio de Janeiro, Brazil},
 pages = {83--94},
 numpages = {12},
 url = {http://doi.acm.org/10.1145/2488388.2488397},
 doi = {10.1145/2488388.2488397},
 acmid = {2488397},
 publisher = {ACM},
 keywords = {content delivery network, dns, request routing},
}

BibTeX | EndNote | ACM Ref
@inproceedings{Rula2014,
 author = {Rula, John P. and Bustamante, Fabian E.},
 title = {Behind the Curtain: Cellular DNS and Content Replica Selection},
 booktitle = {Proceedings of the 2014 Conference on Internet Measurement Conference},
 series = {IMC '14},
 year = {2014},
 isbn = {978-1-4503-3213-2},
 location = {Vancouver, BC, Canada},
 pages = {59--72},
 numpages = {14},
 url = {http://doi.acm.org/10.1145/2663716.2663734},
 doi = {10.1145/2663716.2663734},
 acmid = {2663734},
 publisher = {ACM},
 keywords = {cellular dns, content delivery networks, domain name system},
}

@inproceedings{sarkar2015,
 author = {Sarkar, Darothi and Rakesh, Nitin and Mishra, Krishna Kumar},
 title = {Problems in Replica Server Placement (RSP) over Content Delivery Networks (CDN)},
 booktitle = {Proceedings of the Sixth International Conference on Computer and Communication Technology 2015},
 series = {ICCCT '15},
 year = {2015},
 isbn = {978-1-4503-3552-2},
 location = {Allahabad, India},
 pages = {175--179},
 numpages = {5},
 url = {http://doi.acm.org/10.1145/2818567.2818600},
 doi = {10.1145/2818567.2818600},
 acmid = {2818600},
 publisher = {ACM},
 address = {New York, NY, USA},
 keywords = {Replica placement, bandwidth optimization, clustering, content distribution network, multimedia applications},
} 

@inproceedings{puzhavakath16sm,
 author = {Puzhavakath Narayanan, Shankaranarayanan and Nam, Yun Seong and Sivakumar, Ashiwan and Chandrasekaran, Balakrishnan and Maggs, Bruce and Rao, Sanjay},
 title = {Reducing Latency Through Page-aware Management of Web Objects by Content Delivery Networks},
 booktitle = {Proceedings of the 2016 ACM SIGMETRICS International Conference on Measurement and Modeling of Computer Science},
 series = {SIGMETRICS '16},
 year = {2016},
 isbn = {978-1-4503-4266-7},
 location = {Antibes Juan-les-Pins, France},
 pages = {89--100},
 numpages = {12},
 url = {http://doi.acm.org/10.1145/2896377.2901472},
 doi = {10.1145/2896377.2901472},
 acmid = {2901472},
 publisher = {ACM},
 address = {New York, NY, USA},
 keywords = {content delivery networks, content prioritization, http 2.0, web page latency},
} 

@inproceedings{namehelp,
 author = {Otto, John S. and S\'{a}nchez, Mario A. and Rula, John P. and Stein, Ted and
 Bustamante, Fabi\'{a}n E.},
 title = {Namehelp: Intelligent Client-side DNS Resolution},
 booktitle = {Proceedings of the ACM SIGCOMM 2012 Conference on Applications,
 Technologies, Architectures, and Protocols for Computer Communication},
 series = {SIGCOMM '12},
 year = {2012},
 isbn = {978-1-4503-1419-0},
 location = {Helsinki, Finland},
 pages = {287--288},
 numpages = {2},
 url = {http://doi.acm.org/10.1145/2342356.2342413},
 doi = {10.1145/2342356.2342413},
 acmid = {2342413},
 publisher = {ACM},
 keywords = {content delivery networks, domain name system},
}



@inproceedings{Vissicchio:2015:CCO:2785956.2787497,
 author = {Vissicchio, Stefano and Tilmans, Olivier and Vanbever, Laurent and Rexford, Jennifer},
 title = {Central Control Over Distributed Routing},
 booktitle = {Proceedings of the 2015 ACM Conference on Special Interest Group on Data Communication},
 series = {SIGCOMM '15},
 year = {2015},
 isbn = {978-1-4503-3542-3},
 location = {London, United Kingdom},
 pages = {43--56},
 numpages = {14},
 url = {http://doi.acm.org/10.1145/2785956.2787497},
 doi = {10.1145/2785956.2787497},
 acmid = {2787497},
 publisher = {ACM},
 keywords = {SDN, fibbing, link-state routing},
} 




@inproceedings{lying16conext,
 author = {Chiesa, Marco and Retvari, Gaboe and Schapira, Michael},
 title = {Lying Your Way to Better Traffic Engineering},
 booktitle = {Proceedings of the 2016 ACM CoNEXT},
 series = {CoNEXT '16},
 year = {2016},
 location = {Irvine, CA},
 publisher = {ACM},
}

@inproceedings{paris,
 author = {Augustin, Brice and Cuvellier, Xavier and Orgogozo, Benjamin and Viger, Fabien and
 Friedman, Timur and Latapy, Matthieu and Magnien, Cl{\'e}mence and Teixeira, Renata},
 title = {Avoiding Traceroute Anomalies with Paris Traceroute},
 booktitle = {Proceedings of the 6th ACM SIGCOMM Conference on Internet Measurement},
 series = {IMC '06},
 year = {2006},
 isbn = {1-59593-561-4},
 location = {Rio de Janeriro, Brazil},
 pages = {153--158},
 numpages = {6},
 url = {http://doi.acm.org/10.1145/1177080.1177100},
 doi = {10.1145/1177080.1177100},
 acmid = {1177100},
 publisher = {ACM},
 keywords = {load balancing, traceroute},
}

@article{ldnsmm,
 author = {Huang, Cheng and Batanov, Ivan and Li, Jin},
 title = {A Practical Solution to the client-LDNS Mismatch Problem},
 journal = {SIGCOMM Comput. Commun. Rev.},
 issue_date = {April 2012},
 volume = {42},
 number = {2},
 month = mar,
 year = {2012},
 issn = {0146-4833},
 pages = {35--41},
 numpages = {7},
 url = {http://doi.acm.org/10.1145/2185376.2185381},
 doi = {10.1145/2185376.2185381},
 acmid = {2185381},
 publisher = {ACM},
 keywords = {dns, gtm, latency},
}

@inproceedings{isphelp,
 author = {Poese, Ingmar and Frank, Benjamin and Ager, Bernhard and Smaragdakis, Georgios and
 Feldmann, Anja},
 title = {Improving Content Delivery Using Provider-aided Distance Information},
 booktitle = {Proceedings of the 10th ACM SIGCOMM Conference on Internet Measurement},
 series = {IMC '10},
 year = {2010},
 isbn = {978-1-4503-0483-2},
 location = {Melbourne, Australia},
 pages = {22--34},
 numpages = {13},
 url = {http://doi.acm.org/10.1145/1879141.1879145},
 doi = {10.1145/1879141.1879145},
 acmid = {1879145},
 publisher = {ACM},
 keywords = {DNS redirection, content distribution, host diversity, residential
 traces, server selection},
}

@article{boothe2005dns,
  title={DNS Anycast Stability},
  author={Boothe, Peter and Bush, Randy},
  journal={19th APNIC,’05},
  year={2005}
}

@inproceedings{Huang08,
    author = {Huang, Cheng and Wang, Angela and Li, Jin and Ross, Keith W.},
    title = {Measuring and Evaluating Large-scale CDNs (Paper Withdrawn at Microsoft's Request)},
    booktitle = {Proceedings of the 8th ACM SIGCOMM Conference on Internet Measurement},
    series = {IMC '08},
    year = {2008},
    isbn = {978-1-60558-334-1},
    location = {Vouliagmeni, Greece},
    pages = {15--29},
    numpages = {15},
    url = {http://dl.acm.org/citation.cfm?id=1452520.1455517},
    acmid = {1455517},
    publisher = {ACM},
} 

@inproceedings{fan2013evaluating,
  title={Evaluating anycast in the domain name system},
  author={Fan, Xun and Heidemann, John and Govindan, Ramesh},
  booktitle={2013 Proceedings IEEE INFOCOM},
  pages={1681--1689},
  year={2013},
  organization={IEEE}
}

@inproceedings{Mukerjee:2017:RCI:3143361.3143366,
 author = {Mukerjee, Matthew K. and Bozkurt, Ilker Nadi and Ray, Devdeep and Maggs, Bruce M. and Seshan, Srinivasan and Zhang, Hui},
 title = {Redesigning CDN-Broker Interactions for Improved Content Delivery},
 booktitle = {Proceedings of the 13th International Conference on Emerging Networking EXperiments and Technologies},
 series = {CoNEXT '17},
 year = {2017},
 isbn = {978-1-4503-5422-6},
 location = {Incheon, Republic of Korea},
 pages = {68--80},
 numpages = {13},
 url = {http://doi.acm.org/10.1145/3143361.3143366},
 doi = {10.1145/3143361.3143366},
 acmid = {3143366},
 publisher = {ACM},
 address = {New York, NY, USA},
 keywords = {CDNs, content brokers, content delivery, interfaces},
} 

% skylines -------------------------------------------------------------

@article{murtagh1983survey,
  title={A survey of recent advances in hierarchical clustering algorithms},
  author={Murtagh, Fionn},
  journal={The computer journal},
  volume={26},
  number={4},
  pages={354--359},
  year={1983},
  publisher={Oxford University Press}
}

@inproceedings{scheitle2018,
  title={A long way to the top: significance, structure, and stability of internet top lists},
  author={Scheitle, Quirin and Hohlfeld, Oliver and Gamba, Julien and Jelten, Jonas and Zimmermann, Torsten and Strowes, Stephen D and Vallina-Rodriguez, Narseo},
  booktitle={Proceedings of the Internet Measurement Conference 2018},
  pages={478--493},
  year={2018},
  organization={ACM}
}

@inproceedings{wang2013,
  title={Demystifying page load performance with WProf},
  author={Wang, Xiao Sophia and Balasubramanian, Aruna and Krishnamurthy, Arvind and Wetherall, David},
  booktitle={Presented as part of the 10th $\{$USENIX$\}$ Symposium on Networked Systems Design and Implementation ($\{$NSDI$\}$ 13)},
  pages={473--485},
  year={2013}
}

@inproceedings{butkiewicz2011,
  title={Understanding website complexity: measurements, metrics, and implications},
  author={Butkiewicz, Michael and Madhyastha, Harsha V and Sekar, Vyas},
  booktitle={Proceedings of the 2011 ACM SIGCOMM conference on Internet measurement conference},
  pages={313--328},
  year={2011},
  organization={ACM}
}



@misc { cubecdn,
         year = {2016},
        title = "{Netdirekt: Content Hosting - CDN}",
        note = "\url{http://www.netdirekt.com.tr/cdn-large.html}",
}


@misc { cloudfaredns,
         year = {2016},
        title = "{C}loudfare: {G}lobal, fast and always secure authoritative {DNS}",
        note = "\url{https://www.cloudflare.com/dns/}",
}


@misc { verizondns,
         year = {2016},
        title = "{V}erizon {ROUTE}: {F}ast, {R}eliable {E}nterprise-{C}lass {S}ervices for {D}omain {N}ame {S}ystem ({DNS})",
        note = "\url{https://www.verizondigitalmedia.com/platform/route/}",
}

@inproceedings{anycast,
 author = {Calder, Matt and Flavel, Ashley and Katz-Bassett, Ethan and Mahajan, Ratul and
 Padhye, Jitendra},
 title = {Analyzing the Performance of an Anycast CDN},
 booktitle = {Proceedings of the 2015 ACM Conference on Internet Measurement Conference},
 series = {IMC '15},
 year = {2015},
 isbn = {978-1-4503-3848-6},
 location = {Tokyo, Japan},
 pages = {531--537},
 numpages = {7},
 url = {http://doi.acm.org/10.1145/2815675.2815717},
 doi = {10.1145/2815675.2815717},
 acmid = {2815717},
 publisher = {ACM},
 keywords = {anycast, cdn, measurement},
} 





@inproceedings{Ager:2010:CDR:1879141.1879144,
 author = {Ager, Bernhard and M\"{u}hlbauer, Wolfgang and Smaragdakis, Georgios and Uhlig, Steve},
 title = {Comparing DNS Resolvers in the Wild},
 booktitle = {Proceedings of the 10th ACM SIGCOMM Conference on Internet Measurement},
 series = {IMC '10},
 year = {2010},
 isbn = {978-1-4503-0483-2},
 location = {Melbourne, Australia},
 pages = {15--21},
 numpages = {7},
 url = {http://doi.acm.org/10.1145/1879141.1879144},
 doi = {10.1145/1879141.1879144},
 acmid = {1879144},
 publisher = {ACM},
 keywords = {DNS resolvers, measurement, performance analysis},
} 


@inproceedings {188999,
author = {Aditya Ganjam and Faisal Siddiqui and Jibin Zhan and Xi Liu and Ion Stoica and Junchen Jiang and Vyas Sekar and Hui Zhang},
title = {C3: Internet-Scale Control Plane for Video Quality Optimization},
booktitle = {12th USENIX Symposium on Networked Systems Design and Implementation (NSDI 15)},
year = {2015},
month = May,
isbn = {978-1-931971-218},
address = {Oakland, CA},
pages = {131--144},
url = {https://www.usenix.org/conference/nsdi15/technical-sessions/presentation/ganjam},
publisher = {USENIX Association},
}

@inproceedings{Huang:2014:BAR:2619239.2626296,
 author = {Huang, Te-Yuan and Johari, Ramesh and McKeown, Nick and Trunnell, Matthew and Watson, Mark},
 title = {A Buffer-based Approach to Rate Adaptation: Evidence from a Large Video Streaming Service},
 booktitle = {Proceedings of the 2014 ACM Conference on SIGCOMM},
 series = {SIGCOMM '14},
 year = {2014},
 isbn = {978-1-4503-2836-4},
 location = {Chicago, Illinois, USA},
 pages = {187--198},
 numpages = {12},
 url = {http://doi.acm.org/10.1145/2619239.2626296},
 doi = {10.1145/2619239.2626296},
 acmid = {2626296},
 publisher = {ACM},
 keywords = {http-based video streaming, video rate adaptation algorithm},
} 

BibTeX | EndNote | ACM Ref

@inproceedings {dnssly,
author = {Qurat-Ul-Ann Danyal Akbar and Marcel Flores and Aleksandar Kuzmanovic},
title = {DNS-sly: Avoiding Censorship through Network Complexity},
booktitle = {6th {USENIX} Workshop on Free and Open Communications on the Internet ({FOCI} 16)},
year = {2016},
address = {Austin, TX},
url = {https://www.usenix.org/conference/foci16/workshop-program/presentation/akbar},
publisher = {{USENIX} Association},
month = aug,
}


@inproceedings{Thinning08,
    author = {Su, Ao-Jan and Kuzmanovic, Aleksandar},
    title = {Thinning Akamai},
    booktitle = {Proceedings of the 8th ACM SIGCOMM Conference on Internet Measurement},
    series = {IMC '08},
    year = {2008},
    isbn = {978-1-60558-334-1},
    location = {Vouliagmeni, Greece},
    pages = {29--42},
    numpages = {14},
    url = {http://doi.acm.org/10.1145/1452520.1452525},
    doi = {10.1145/1452520.1452525},
    acmid = {1452525},
    publisher = {ACM},
    keywords = {akamai, cdn, denial of service, streaming},
} 


@inproceedings{hotnets16cdn,
    author = {Mukerjee, Matthew K. and Bozkurt, Ilker Nadi and Maggs, Bruce and Seshan, Srinivasan
    and Zhang, Hui},
    title = {The Impact of Brokers on the Future of Content Delivery},
    booktitle = {Proceedings of the 15th ACM Workshop on Hot Topics in Networks},
    series = {HotNets '16},
    year = {2016},
    isbn = {978-1-4503-4661-0},
    location = {Atlanta, GA, USA},
    pages = {127--133},
    numpages = {7},
    url = {http://doi.acm.org/10.1145/3005745.3005749},
    doi = {10.1145/3005745.3005749},
    acmid = {3005749},
    publisher = {ACM},
} 
@inproceedings{response_time_from_server,
    author = {Olshefski, David P. and Nieh, Jason and Agrawal, Dakshi},
    title = {Inferring Client Response Time at the Web Server},
    booktitle = {Proceedings of the 2002 ACM SIGMETRICS International Conference on Measurement
    and Modeling of Computer Systems},
    series = {SIGMETRICS '02},
    year = {2002},
    isbn = {1-58113-531-9},
    location = {Marina Del Rey, California},
    pages = {160--171},
    numpages = {12},
    url = {http://doi.acm.org.turing.library.northwestern.edu/10.1145/511334.511355},
    doi = {10.1145/511334.511355},
    acmid = {511355},
    publisher = {ACM},
    address = {New York, NY, USA},
} 

@inproceedings{shavitt2009quantifying,
  title={Quantifying the importance of vantage points distribution in internet topology measurements},
  author={Shavitt, Yuval and Weinsberg, Udi},
  booktitle={IEEE INFOCOM 2009},
  pages={792--800},
  year={2009},
  organization={IEEE}
}

@misc{cdngrowth,
     year = {2018},
    title = "Content Delivery Network (CDN) market is projected to grow at a CAGR of more than 29%
        by 2023",
    note = "\url{https://www.prnewswire.com/news-releases/content-delivery-network-cdn-market-is-projected-to-grow-at-a-cagr-of-more-than-29-by-2023-300621875.html}",
}

@misc{globaldotsmulticdn,
     year = {2018},
    title = "GlobalDots",
    note = "\url{https://www.globaldots.com/solutions/multi-cdn/}",
}

@misc{cdnhistory,
    month = dec,
     year = {2012},
    title = "The History of Content Delivery Networks (CDN)",
    note = "\url{https://www.globaldots.com/the-history-of-content-delivery-networks-cdn/}",
}

@article{flattening,
  author    = {Timm B{\"{o}}ttger and
               Gianni Antichi and
               Eder Le{\~{a}}o Fernandes and
               Roberto di Lallo and
               Marc Bruyere and
               Steve Uhlig and
               Ignacio Castro},
  title     = {The Elusive Internet Flattening: 10 Years of {IXP} Growth},
  journal   = {CoRR},
  volume    = {abs/1810.10963},
  year      = {2018},
  url       = {http://arxiv.org/abs/1810.10963},
  archivePrefix = {arXiv},
  eprint    = {1810.10963},
  timestamp = {Wed, 31 Oct 2018 14:24:29 +0100},
  biburl    = {https://dblp.org/rec/bib/journals/corr/abs-1810-10963},
  bibsource = {dblp computer science bibliography, https://dblp.org}
}

@misc{metacdnmulticdn,
     year = {2018},
    title = "MetaCDN",
    note = "\url{http://www.metacdn.com/}",
}

@misc{warpcachemulticdn,
     year = {2018},
    title = "WarpCache",
    note = "\url{https://www.warpcache.com/}",
}

@InProceedings{charcedexis,
    author="Hohlfeld, Oliver
        and R{\"u}th, Jan
        and Wolsing, Konrad
        and Zimmermann, Torsten",
    editor="Beverly, Robert
        and Smaragdakis, Georgios
        and Feldmann, Anja",
    title="Characterizing a Meta-CDN",
    booktitle="Passive and Active Measurement",
    year="2018",
    publisher="Springer International Publishing",
    address="Cham",
    pages="114--128",
}

@techreport{bgp,
      title={A border gateway protocol 4 (BGP-4)},
        author={Rekhter, Yakov and Li, Tony and Hares, Susan},
          year={2005}
}

@techreport{dns,
      title={Domain names: Implementation specification},
        author={Mockapetris, Paul V},
          year={1983}
}

@techreport{asn,
      title={Guidelines for creation, selection, and registration of an Autonomous System (AS)},
        author={Hawkinson, John and Bates, Tony},
          year={1996}
}

@inproceedings{anycastvsddos,
     author = {Moura, Giovane C.M. and Schmidt, Ricardo de O. and Heidemann, John and de Vries,
         Wouter B. and Muller, Moritz and Wei, Lan and Hesselman, Cristian},
      title = {Anycast vs. DDoS: Evaluating the November 2015 Root DNS Event},
       booktitle = {Proceedings of the 2016 Internet Measurement Conference},
        series = {IMC '16},
         year = {2016},
          isbn = {978-1-4503-4526-2},
           location = {Santa Monica, California, USA},
            pages = {255--270},
             numpages = {16},
              url = {http://doi.acm.org/10.1145/2987443.2987446},
               doi = {10.1145/2987443.2987446},
                acmid = {2987446},
                 publisher = {ACM},
                  address = {New York, NY, USA},
} 


@misc{vdmscatchment,
      title={Seeing the World with RIPE Atlas},
        author={Flores, Marcel and Stephen McQuistin},
          year={2017},
    note = "\url{https://labs.ripe.net/Members/verizon_digital/seeing-the-world-with-ripe-atlas}",
}

@inproceedings{webcart,
     author = {Ager, Bernhard and M\"{u}hlbauer, Wolfgang and Smaragdakis, Georgios and Uhlig,
         Steve},
      title = {Web Content Cartography},
       booktitle = {Proceedings of the 2011 ACM SIGCOMM Conference on Internet Measurement
           Conference},
        series = {IMC '11},
         year = {2011},
          isbn = {978-1-4503-1013-0},
           location = {Berlin, Germany},
            pages = {585--600},
             numpages = {16},
              url = {http://doi.acm.org/10.1145/2068816.2068870},
               doi = {10.1145/2068816.2068870},
                acmid = {2068870},
                 publisher = {ACM},
                  address = {New York, NY, USA},
} 


@inproceedings{benson11,
     author = {Benson, Karyn and Dowsley, Rafael and Shacham, Hovav},
      title = {Do You Know Where Your Cloud Files Are?},
       booktitle = {Proceedings of the 3rd ACM Workshop on Cloud Computing Security Workshop},
        series = {CCSW '11},
         year = {2011},
          isbn = {978-1-4503-1004-8},
           location = {Chicago, Illinois, USA},
            pages = {73--82},
             numpages = {10},
              url = {http://doi.acm.org/10.1145/2046660.2046677},
               doi = {10.1145/2046660.2046677},
                acmid = {2046677},
                 publisher = {ACM},
                  address = {New York, NY, USA},
} 

@inproceedings{Luckie13,
     author = {Luckie, Matthew and Huffaker, Bradley and Dhamdhere, Amogh and Giotsas, Vasileios and
         claffy, kc},
      title = {AS Relationships, Customer Cones, and Validation},
       booktitle = {Proceedings of the 2013 Conference on Internet Measurement Conference},
        series = {IMC '13},
         year = {2013},
          isbn = {978-1-4503-1953-9},
           location = {Barcelona, Spain},
            pages = {243--256},
             numpages = {14},
              url = {http://doi.acm.org/10.1145/2504730.2504735},
               doi = {10.1145/2504730.2504735},
                acmid = {2504735},
                 publisher = {ACM},
                  address = {New York, NY, USA},
} 

@inproceedings{Tariq,
     author = {Tariq, Mukarram and Zeitoun, Amgad and Valancius, Vytautas and Feamster, Nick and
         Ammar, Mostafa},
      title = {Answering What-if Deployment and Configuration Questions with Wise},
       booktitle = {Proceedings of the ACM SIGCOMM 2008 Conference on Data Communication},
        series = {SIGCOMM '08},
         year = {2008},
          isbn = {978-1-60558-175-0},
           location = {Seattle, WA, USA},
            pages = {99--110},
             numpages = {12},
              url = {http://doi.acm.org/10.1145/1402958.1402971},
               doi = {10.1145/1402958.1402971},
                acmid = {1402971},
                 publisher = {ACM},
                  address = {New York, NY, USA},
} 

@inproceedings{rajamony,
      title={Measuring Client-Perceived Response Time on the WWW.},
        author={Rajamony, Ramakrishnan and Elmootazbellah (Mootaz) Elnozahy},
          booktitle={USITS},
            year={2001}
}

@article{mosberger1998httperf,
      title={httperf—a tool for measuring web server performance},
        author={Mosberger, David and Jin, Tai},
          journal={ACM SIGMETRICS Performance Evaluation Review},
            volume={26},
              number={3},
                pages={31--37},
                  year={1998},
                    publisher={ACM}
}

@inproceedings{Flach,
     author = {Flach, Tobias and Katz-Bassett, Ethan and Govindan, Ramesh},
      title = {Diagnosing Slow Web Page Access at the Client Side},
       booktitle = {Proceedings of the 2013 Workshop on Student Workhop},
        series = {CoNEXT Student Workhop '13},
         year = {2013},
          isbn = {978-1-4503-2575-2},
           location = {Santa Barbara, California, USA},
            pages = {59--62},
             numpages = {4},
              url = {http://doi.acm.org/10.1145/2537148.2537160},
               doi = {10.1145/2537148.2537160},
                acmid = {2537160},
                 publisher = {ACM},
                  address = {New York, NY, USA},
                   keywords = {internet measurements, performance anomalies, web latency},
} 

@inproceedings{mahoney2003analysis,
      title={An analysis of the 1999 DARPA/Lincoln Laboratory evaluation data for network anomaly
          detection},
        author={Mahoney, Matthew V and Chan, Philip K},
          booktitle={International Workshop on Recent Advances in Intrusion Detection},
            pages={220--237},
              year={2003},
                organization={Springer}
}

@article{bhuyan2014network,
      title={Network anomaly detection: methods, systems and tools},
        author={Bhuyan, Monowar H and Bhattacharyya, Dhruba Kumar and Kalita, Jugal K},
          journal={Ieee communications surveys \& tutorials},
            volume={16},
              number={1},
                pages={303--336},
                  year={2014},
                    publisher={IEEE}
}

@misc{cdnforecast,
      title={Cisco Visual Networking Index: Forecast and Methodology, 2016-2021},
        author={Cisco Systems, Inc.},
          year={2017},
    note = "\url{https://www.cisco.com/c/en/us/solutions/collateral/service-provider/visual-networking-index-vni/complete-white-paper-c11-481360.html}",
}

@article{Anderson:2012,
 author = {Anderson, Daniel},
 title = {Splinternet Behind the Great Firewall of China},
 journal = {Queue},
 issue_date = {November 2012},
 volume = {10},
 number = {11},
 month = nov,
 year = {2012},
 issn = {1542-7730},
 pages = {40:40--40:49},
 articleno = {40},
 numpages = {10},
 url = {http://doi.acm.org/10.1145/2390756.2405036},
 doi = {10.1145/2390756.2405036},
 acmid = {2405036},
 publisher = {ACM},
 address = {New York, NY, USA},
} 

@article{Anonymous:2012,
 author = {Anonymous},
 title = {The Collateral Damage of Internet Censorship by DNS Injection},
 journal = {SIGCOMM Comput. Commun. Rev.},
 issue_date = {July 2012},
 volume = {42},
 number = {3},
 month = jun,
 year = {2012},
 issn = {0146-4833},
 pages = {21--27},
 numpages = {7},
 url = {http://doi.acm.org/10.1145/2317307.2317311},
 doi = {10.1145/2317307.2317311},
 acmid = {2317311},
 publisher = {ACM},
 address = {New York, NY, USA},
 keywords = {collateral damage, dns, great firewall of china, internet censorship, internet measurement, packet injection},
} 


% dekodi ----------------------------------------------------------

%*******************************************
% ABBREVIATIONS FOR CONFERENCE PROCEEDINGS *
%*******************************************
@STRING{ICWSM = "Proc. INTERNATIONAL AAAI CONFERENCE ON WEB AND SOCIAL MEDIA"}

@STRING{VTC = "Proc. IEEE Vehicular Technology Conference (VTC)"}
@STRING{CDC = "Proc. Control and Decision Conference (CDC)"}
@STRING{PIMRC = "Proc. PIMRC"}
@STRING{DATE = "Proc. DATE"}
@STRING{INFOCOM = "Proc. IEEE INFOCOM"}
@STRING{IPSN = "Proc. IEEE/ACM IPSN"}
@STRING{ICNP = "Proc. IEEE ICNP"}
@STRING{ICN = "Proc. ACM ICN"}
@STRING{CONEXT = "Proc. ACM CoNEXT"}
@STRING{MOBICOM = "Proc. ACM MobiCom"}
@STRING{WINTECH = "Proc. ACM WiNTECH"}
@STRING{SIGMETRICS = "Proc. ACM SIGMETRICS"}
@STRING{SIGCOMM = "Proc. ACM SIGCOMM"}
@STRING{SENSYS = "Proc. ACM SenSys"}
@STRING{MOBIHOC = "Proc. ACM MobiHoc"}
@STRING{MOBISYS = "Proc. ACM MobiSys"}
@STRING{DYSPAN = "Proc. IEEE DySPAN"}
@STRING{HOTNETS = "Proc. ACM HotNets"}
@STRING{HOTSDN = "Proc. ACM HotSDN"}
@STRING{ICC = "Proc. IEEE ICC"}
@STRING{PRIB = "Proc. PRIB"}
@STRING{WIOPT = "Proc. WiOPT"}
@STRING{SECON = "Proc. IEEE SECON"}
@STRING{OSDI = "Proc. OSDI"}
@STRING{NSDI = "Proc. NSDI"}
@STRING{USENIX = "Proc. USENIX"}
@STRING{GLOBECOM = "Proc. GLOBECOM"}
@STRING{MILCOM = "Proc. MILCOM"}
@STRING{ITC = "Proc. International Teletraffic Congress (ITC)"}
@STRING{MOMUC = "Proc. International Workshop on Mobile Multimedia Communications (MoMuC)"}
@STRING{WCNC = "Proc. IEEE Wireless Communications and Networking Conference (WCNC)"}
@STRING{CISS="Proc. IEEE Conference on Information Sciences and Systems (CISS)"}
@STRING{ALLERTON="Proc. Annual Allerton Conference On Communication, Control and Computing"}
@STRING{IWQOS="Proc. IEEE International Workshop on Quality of Service (IWQoS)"}
@STRING{ISCC="Proc. International Symposium on Computer Communications (ISCC)"}
@STRING{PERCOM="Proc. IEEE Conference on Pervasive Computing and Communications (PerCom)"}
@STRING{IMC="Proc. ACM Internet Measurement Conference (IMC)"}
@STRING{WICON="Proc. International Conference on Wireless Internet (WICON)"}
@STRING{ITA="Proc. Information Theory and Applications Workshop (ITA)"}
@STRING{ANCS="Proc. IEEE/ACM ANCS"}
@STRING{ICFP="Proc. ACM ICFP"}
@STRING{SANE="Proc. SANE"}
@STRING{GI="Proc. IEEE Global Internet Symposium (GI)"}

%***********************************
% ABBREVIATIONS FOR JOURNAL PAPERS *
%***********************************

@STRING{JSAC="IEEE Journal on Selected Areas in Communications"}
@STRING{BALTZER="ACM Baltzer Journal of Wireless Networks"}
@STRING{TIT = "IEEE Transactions on Information Theory"}
@STRING{TON="IEEE/ACM Transactions on Networking"}
@STRING{TCOMM="IEEE Transactions on Communications"}
@STRING{TCOMP="IEEE Transactions on Computers"}
@STRING{SIAMCOMP="SIAM Journal of Computing"}
@STRING{TAC="IEEE Transactions on Automatic Control"}
@STRING{TMC="IEEE Transactions on Mobile Computing"}
@STRING{COMNET="Computer Networks"}
@STRING{TWC="IEEE Transactions on Wireless Communications"}
@STRING{COMLET="IEEE Communications Letters"}
@STRING{CCR="ACM SIGCOMM Computer Communication Review"}
@STRING{INET="IEEE Network"}


%***********************************
% CONFERENCE PAPERS                *
%***********************************

@inproceedings{ibosolia2018,
  author    = {Damilola Ibosiola and Benjamin Steer and   Alvaro Garcia-Recuero and Gianluca Stringhini and Steve Uhlig and Gareth Tyson},
  title     = {Movie Pirates of the Caribbean: Exploring Illegal Streaming Cyberlockers},
  booktitle = ICWSM,
  year      = 2018,
}

@inproceedings{Almeida2018,
 author = {Almeida, Mario and Bilal, Muhammad and Finamore, Alessandro and Leontiadis, Ilias and Grunenberger, Yan and Varvello, Matteo and Blackburn, Jeremy},
 title = {CHIMP: Crowdsourcing Human Inputs for Mobile Phones},
 booktitle = WWWW, 
 year = {2018},
} 

%***********************************
% JOURNAL PAPERS                   *
%***********************************
 
@article{Hossfeld2014,
 author = {Hossfeld, Tobias and Keimel, Christian and Hirth, Matthias and Gardlo, Bruno and Habigt, Julian and Diepold, Klaus and Tran-Gia, Phuoc},
 title = {Best Practices for QoE Crowdtesting: QoE Assessment With Crowdsourcing},
 journal = {Trans. Multi.},
 volume = {16},
 number = {2},
 month = feb,
 year = {2014},
 }
 
%***********************************
% BOOKS.                           *
%***********************************
 
@book{rnn,
  title={Recurrent neural networks for prediction: learning algorithms, architectures and stability},
  author={Mandic, Danilo P and Chambers, Jonathon},
  year={2001},
  publisher={John Wiley \& Sons, Inc.}
}


%***********************************************
% MISCELLANEOUS - misc, techreport, book, etc. *
%***********************************************
@MISC{rfc2817,
	author={R. Khare and S. Lawrence},
	title={{RFC2817: Upgrading to TLS Within HTTP/1.1}},
	year=2000,
	note={\url{https://tools.ietf.org/rfc/rfc2817.txt}}
}

@MISC{uk-kodi,
	author={Engadget},
	title={{How the UK plans to block illegal Kodi soccer streams}},
	year = 2017,
	note={\url{https://www.engadget.com/2017/03/15/uk-kodi-block-premier-league-explained/}}
}

@MISC{netflix,
	author={BBC},
	title={{Netflix now has 104 million subscribers worldwide}},
	year = 2017,
	note={\url{https://www.bbc.com/news/business-40638924}}
}

@MISC{youtube,
	author={Ben Gilbert},
	title={{YouTube now has over 1.8 billion users every month, within spitting distance of Facebook's 2 billion}},
	year = 2018,
	note={\url{http://www.businessinsider.com/youtube-user-statistics-2018-5}}
}
    
@MISC{mpaa,
	author={Tom Pritchard},
	title={{Nearly 70 Per Cent of Kodi Users are Pirates, Claims MPAA}},
	year = 2017,
	note={\url{http://www.gizmodo.co.uk/2017/11/nearly-70-per-cent-of-kodi-users-are-pirates-claims-mpaa/}}
}

@MISC{kodi,
	author={XBMC},
	title={{Kodi | Open Source Home Theater Software}},
	year = 2019,
	note={\url{https://kodi.tv/}}
}
    
@MISC{plex,
	author={Plex},
	title={{Media Server | Plex media server allows you to stream video smarter.}},
	year = 2019,
	note={\url{https://www.plex.tv/}}
}
    
@MISC{osmc,
	author={OSMC},
	title={{OSMC}},
	year = 2019,
	note={\url{https://osmc.tv/}}
}
    
@MISC{emby,
	author={Emby},
	title={{Emby - The open media solution.}},
	year = 2019,
	note={\url{https://emby.media/}}
}
    
@MISC{mediaportal,
	author={Team MediaPortal},
	title={{MEDIAPORTAL - a HTPC Media Center for free - MEDIAPORTAL}},
	year = 2017,
	note={\url{https://www.team-mediaportal.com/}}
}
    
@MISC{mrmc,
	author={MrMC},
	title={{MrMC -- MrMC Media Center}},
	year = 2017,
	note={\url{https://mrmc.tv/}}
}

@MISC{addonauthors,
	title={{Top Authors | Kodi}},
	year = 2019,
	note={\url{https://kodi.tv/addon-top-authors}}
}
    
@MISC{banned,
	author={XBMC},
	title={{Official:Forum rules/Banned add-ons}},
	year = 2019,
	note={\url{https://kodi.wiki/view/Official:Forum_rules/Banned_add-ons}}
}
    
@MISC{sandvine_kodi,
	author={Sandvine},
	title={{Global Internet Phenomena Spotlight - Kodi}},
	year = 2018,
	note={\url{https://www.sandvine.com/hubfs/downloads/archive/2017-global-internet-phenomena-spotlight-kodi.pdf}}
}
    
@MISC{site1,
	author={WirelessHack},
	title={{TOP BEST WORKING KODI Addons List June 2018}},
	year = 2018,
	note={\url{https://www.wirelesshack.org/top-best-working-kodi-video-add-ons.html}}
}
    
@MISC{site2,
	author={Ian Garland},
	title={{118 Best Kodi Addons working as of June 2018
}},
	year = 2018,
	note={\url{https://www.comparitech.com/kodi/best-kodi-addons/}}
}
    
@MISC{kodiTIPS,
	title={{Kodi Tips}},
	year = 2018,
	note={\url{https://koditips.com/}}
}

@MISC{docker,
	title={{Docker}},
	year = 2018,
	note={\url{https://www.docker.com/}}
}

@MISC{mturk,
	title={{Mechanical Turk}},
	year = 2019,
	note={\url{https://www.mturk.com/}}
}

@MISC{gitbrowser,
	title={{Git Browser}},
	year = 2019,
	note={\url{https://www.tvaddons.co/github-browser-kodi/}}
}

@MISC{github,
	title={{GitHub}},
	year = 2019,
	note={\url{https://github.com/}}
}

@MISC{xvfb,
	title={{XVFB}},
	year = 2019,
	note={\url{https://www.x.org/releases/X11R7.6/doc/man/man1/Xvfb.1.xhtml}}
}

@MISC{gaia,
	title={{Gaia - Kodi Streaming}},
	year = 2019,
	note={\url{https://gaiakodi.com}}
}

@MISC{orion,
	title={{Orion Media Index}},
	year = 2019,
	note={\url{https://orionoid.com}}
}

@article{popularity,
    author = {Néda, Zoltán AND Varga, Levente AND Biró, Tamás S.},
    journal = {PLOS ONE},
    publisher = {Public Library of Science},
    title = {Science and Facebook: The same popularity law!},
    year = {2017},
    month = {07},
    volume = {12},
    url = {https://doi.org/10.1371/journal.pone.0179656},
    pages = {1-11},
    doi = {10.1371/journal.pone.0179656}
}

@MISC{realdebrid,
	title={{Real-Debrid}},
	year = 2019,
	note={\url{https://real-debrid.com/}}
}

@MISC{firehol,
	title={{FireHOL IP Lists}},
	year = 2019,
	note={\url{http://iplists.firehol.org/}}
}

@MISC{mitmproxy,
	title={{mitmproxy}},
	year = 2019,
	note={\url{https://mitmproxy.org/}}
}

@MISC{lazykodi,
	title={{LazyKodi}},
	year = 2019,
	note={\url{http://lazykodi.com/}}
}

@MISC{reddit,
	title={{Reddit}},
	year = 2019,
	note={\url{https://www.reddit.com/}}
}

@MISC{kodil,
	title={{Kodil Repository}},
	year = 2019,
	note={\url{https://github.com/kodil/kodil/tree/master/repo/repository.kodil}}
}

@MISC{maxmind,
	title={{MaxMind}},
	year = 2019,
	note={\url{https://www.maxmind.com/en/geoip2-databases}}
}

@MISC{kodibotnet,
	author={Ernesto Van der Sar},
	title={{Popular Kodi Addon ‘Exodus’ Turned Users into a DDoS ‘Botnet’}},
	year = 2017,
	note={\url{https://torrentfreak.com/popular-kodi-addon-exodus-turned-users-into-a-ddos-botnet-170203/}}
}

@MISC{kodicrypto,
	author={Catalin Cimpanu},
	title={{Windows and Linux Kodi users infected with cryptomining malware}},
	month=sep,
	year = 2018,
	note={\url{https://www.zdnet.com/article/windows-and-linux-kodi-users-infected-with-cryptomining-malware/}}
}

@MISC{gdpr,
	author={European Commission},
	title={{2018 reform of EU data protection rules}},
	year = 2018,
	note={\url{https://ec.europa.eu/commission/priorities/justice-and-fundamental-rights/data-protection/2018-reform-eu-data-protection-rules_en}}
}

@MISC{easylist,
	title={{EasyList}},
	year = 2019,
	note={\url{https://easylist.to/}}
}

@MISC{safebrowsing,
	title={{Google Safe Browsing}},
	year = 2019,
	note={\url{https://safebrowsing.google.com/}}
}

@article{nikas2018know,
  title={I know what you streamed last night: On the security and privacy of streaming},
  author={Nikas, Alexios and Alepis, Efthimios and Patsakis, Constantinos},
  journal={Digital Investigation},
  volume={25},
  pages={78--89},
  year={2018},
  publisher={Elsevier}
}


@article{DBLP:journals/corr/abs-1901-00579,
  author    = {Luke Hsiao and
               Hudson Ayers},
  title     = {The Price of Free Illegal Live Streaming Services},
  journal   = {CoRR},
  volume    = {abs/1901.00579},
  year      = {2019},
  url       = {http://arxiv.org/abs/1901.00579},
  archivePrefix = {arXiv},
  eprint    = {1901.00579},
  timestamp = {Thu, 31 Jan 2019 13:52:49 +0100},
  biburl    = {https://dblp.org/rec/bib/journals/corr/abs-1901-00579},
  bibsource = {dblp computer science bibliography, https://dblp.org}
}

@MISC{our_code,
	title={{de-Kodi Crawler}},
	year = 2019,
	note={\url{https://github.com/mwarrior92/dekodicrawler}}
}

@MISC{tstat.polito.it,
	title={{Tstat - TCP STatistic and Analysis Tool}},
	year = 2019,
	note={\url{http://tstat.polito.it/}}
}
