@inproceedings{Nam2014,
 author = {Nam, Giyoung and Park, KyoungSoo},
 title = {Analyzing the Effectiveness of Content Delivery Network Interconnection of 3G Cellular Traffic},
 booktitle = {Proceedings of The Ninth International Conference on Future Internet Technologies},
 series = {CFI '14},
 year = {2014},
 isbn = {978-1-4503-2942-2},
 location = {Tokyo, Japan},
 pages = {1:1--1:6},
 articleno = {1},
 numpages = {6},
 url = {http://doi.acm.org/10.1145/2619287.2619297},
 doi = {10.1145/2619287.2619297},
 acmid = {2619297},
 publisher = {ACM},
 keywords = {CDN, CDN interocnnection, IXP, measurement},
}

@inproceedings{Wang2002,
 author = {Wang, Limin and Pai, Vivek and Peterson, Larry},
 title = {The Effectiveness of Request Redirection on CDN Robustness},
 booktitle = {Proceedings of the 5th Symposium on Operating Systems Design and implementationCopyright Restrictions Prevent ACM from Being Able to Make the PDFs for This Conference Available for Downloading},
 series = {OSDI '02},
 year = {2002},
 isbn = {978-1-4503-0111-4},
 location = {Boston, Massachusetts},
 pages = {345--360},
 numpages = {16},
 url = {http://dl.acm.org/citation.cfm?id=1060289.1060321},
 acmid = {1060321},
 publisher = {USENIX Association},
 address = {Berkeley, CA, USA},
} 

@article{Labovitz2010,
 author = {Labovitz, Craig and Iekel-Johnson, Scott and McPherson, Danny and Oberheide, Jon and Jahanian, Farnam},
 title = {Internet inter-domain traffic},
 journal = {SIGCOMM Comput. Commun. Rev.},
 issue_date = {August 2011},
 volume = {41},
 number = {4},
 month = aug,
 year = {2010},
 issn = {0146-4833},
 pages = {--},
 url = {http://dl.acm.org/citation.cfm?id=2043164.1851194},
 acmid = {1851194},
 publisher = {ACM},
 keywords = {architecture, inter-domain traffic, internet, peering policies},
}

@article{Nygren2010,
 author = {Nygren, Erik and Sitaraman, Ramesh K. and Sun, Jennifer},
 title = {The Akamai Network: A Platform for High-performance Internet Applications},
 journal = {SIGOPS Oper. Syst. Rev.},
 issue_date = {July 2010},
 volume = {44},
 number = {3},
 month = aug,
 year = {2010},
 issn = {0163-5980},
 pages = {2--19},
 numpages = {18},
 url = {http://doi.acm.org/10.1145/1842733.1842736},
 doi = {10.1145/1842733.1842736},
 acmid = {1842736},
 publisher = {ACM},
 keywords = {Akamai, CDN, DNS, HTTP, application acceleration, content delivery, fault tolerance, overlay networks, quality of service, streaming media},
}

@article{Su2006,
 author = {Su, Ao-Jan and Choffnes, David R. and Kuzmanovic, Aleksandar and Bustamante, Fabi\'{a}n E.},
 title = {Drafting Behind Akamai (Travelocity-based Detouring)},
 journal = {SIGCOMM Comput. Commun. Rev.},
 issue_date = {October 2006},
 volume = {36},
 number = {4},
 month = aug,
 year = {2006},
 issn = {0146-4833},
 pages = {435--446},
 numpages = {12},
 url = {http://doi.acm.org/10.1145/1151659.1159962},
 doi = {10.1145/1151659.1159962},
 acmid = {1159962},
 publisher = {ACM},
 keywords = {Akamai, CDN, DNS, edge server, measurement reuse, one-hop, source routing},
}

@misc{AFasterInternet,
 author = {OpenDNS},
 title = {A Faster Internet: The Global Internet Speedup},
 note = "\url{http://afasterinternet.com}",
 year = {2016},
}

@misc{chinanc,
 year = {2016},
 author = {ChinaNetCenter},
 title = {ChinaNetCenter - Network},
 note = "\url{http://en.chinanetcenter.com/pages/technology/g2-network-map.php}",
}

@misc{alibaba,
     year = {2016},
    title = {Alibaba Cloud CDN},
    note = "\url{https://intl.aliyun.com/product/cdn}",
}

@techreport{RFC7871,
  author = {C. Contavalli and W. van der Gaast and D. Lawrence and W. Kumari},
  title = {Client Subnet in DNS Queries},
  howpublished = {Internet Requests for Comments},
  type = {RFC},
  number = {7871},
  year = {2016},
  month = {May},
  issn = {2070-1721},
  publisher = {RFC Editor},
  institution = {RFC Editor},
}

@inproceedings{Calder2015,
 author = {Calder, Matt and Flavel, Ashley and Katz-Bassett, Ethan and Mahajan, Ratul and Padhye, Jitendra},
 title = {Analyzing the Performance of an Anycast CDN},
 booktitle = {Proceedings of the 2015 ACM Conference on Internet Measurement Conference},
 series = {IMC '15},
 year = {2015},
 isbn = {978-1-4503-3848-6},
 location = {Tokyo, Japan},
 pages = {531--537},
 numpages = {7},
 url = {http://doi.acm.org/10.1145/2815675.2815717},
 doi = {10.1145/2815675.2815717},
 acmid = {2815717},
 publisher = {ACM},
 keywords = {anycast, cdn, measurement},
}

@misc{ ripe-atlas,
     year = {2016},
    title = "RIPE Atlas - RIPE Network Coordination Centre",
    note = "\url{https://atlas.ripe.net/}",
}

@misc{ alexa,
     year = {2016},
    title = "Alexa Top Sites",
    note = "\url{https://aws.amazon.com/alexa-top-sites/}",
}


@misc{ akamai,
    title = "Akamai",
    note = "\url{http://www.akamai.com/}",
     year = {2016},
}



@misc{ cloudfront,
     year = {2016},
    title = "{A}mazon {C}loud{F}ront {C}ontent {D}elivery {N}etwork ({CDN})",
    note = "\url{https://aws.amazon.com/cloudfront/}",
}

@misc{amazonaws,
     year = {2016},
    title = "AWS Global Infrastructure",
    note = "\url{https://aws.amazon.com/about-aws/global-infrastructure/}",
}


@misc{ edgecast,
     year = {2016},
    title = "{V}erizon {D}igital {M}edia {S}ervices",
    note = "\url{https://www.verizondigitalmedia.com/}",
}

@misc{ googlecdn,
     year = {2016},
    title = "{G}oogle {CDN} {P}latform",
    note = "\url{https://cloud.google.com/cdn/docs/}",
}

@article{Chun2003,
 author = {Chun, Brent and Culler, David and Roscoe, Timothy and Bavier, Andy and Peterson,
 Larry and Wawrzoniak, Mike and Bowman, Mic},
 title = {PlanetLab: An Overlay Testbed for Broad-coverage Services},
 journal = {SIGCOMM Comput. Commun. Rev.},
 issue_date = {July 2003},
 volume = {33},
 number = {3},
 month = jul,
 year = {2003},
 issn = {0146-4833},
 pages = {3--12},
 numpages = {10},
 url = {http://doi.acm.org/10.1145/956993.956995},
 doi = {10.1145/956993.956995},
 acmid = {956995},
 publisher = {ACM},
}

@inproceedings{Calder2013,
 author = {Calder, Matt and Fan, Xun and Hu, Zi and Katz-Bassett, Ethan and Heidemann, John and
 Govindan, Ramesh},
 title = {Mapping the Expansion of Google's Serving Infrastructure},
 booktitle = {Proceedings of the 2013 Conference on Internet Measurement Conference},
 series = {IMC '13},
 year = {2013},
 isbn = {978-1-4503-1953-9},
 location = {Barcelona, Spain},
 pages = {313--326},
 numpages = {14},
 url = {http://doi.acm.org/10.1145/2504730.2504754},
 doi = {10.1145/2504730.2504754},
 acmid = {2504754},
 publisher = {ACM},
 keywords = {CDN, DNS, geolocation, measurement},
} 


@inproceedings{exploringedns,
 author = {Streibelt, Florian and B\"{o}ttger, Jan and Chatzis, Nikolaos and Smaragdakis, Georgios and Feldmann, Anja},
 title = "Exploring {EDNS}-client-subnet Adopters in Your Free Time",
 booktitle = {Proceedings of IMC '13},
 series = {IMC '13},
 year = {2013},
}



@article{kangasharju2001performance,
  title={Performance evaluation of redirection schemes in content distribution networks},
  author={Kangasharju, Jussi and Ross, Keith W. and Roberts, James W.},
  journal={Computer Communications},
  volume={24},
  number={2},
  pages={207--214},
  year={2001},
  publisher={Elsevier}
}


@article{Saroiu:2002:AIC:844128.844158,
 author = {Saroiu, Stefan and Gummadi, Krishna P. and Dunn, Richard J. and Gribble, Steven D. and Levy, Henry M.},
 title = {An Analysis of Internet Content Delivery Systems},
 journal = {SIGOPS Oper. Syst. Rev.},
 issue_date = {Winter 2002},
 volume = {36},
 number = {SI},
 month = dec,
 year = {2002},
 issn = {0163-5980},
 pages = {315--327},
 numpages = {13},
 url = {http://doi.acm.org/10.1145/844128.844158},
 doi = {10.1145/844128.844158},
 acmid = {844158},
 publisher = {ACM},
} 


@inproceedings{Katabi:2000:FSG:347059.347388,
 author = {Katabi, Dina and Wroclawski, John},
 title = {A Framework for Scalable Global IP-anycast (GIA)},
 booktitle = {Proceedings of the Conference on Applications, Technologies, Architectures, and Protocols for Computer Communication},
 series = {SIGCOMM '00},
 year = {2000},
 isbn = {1-58113-223-9},
 location = {Stockholm, Sweden},
 pages = {3--15},
 numpages = {13},
 url = {http://doi.acm.org/10.1145/347059.347388},
 doi = {10.1145/347059.347388},
 acmid = {347388},
 publisher = {ACM},
 keywords = {Internet, anycast, architecture, routing, scalable},
} 



@article{Paxson:1996:ERB:248157.248160,
 author = {Paxson, Vern},
 title = {End-to-end Routing Behavior in the Internet},
 journal = {SIGCOMM Comput. Commun. Rev.},
 issue_date = {Oct. 1996},
 volume = {26},
 number = {4},
 month = aug,
 year = {1996},
 issn = {0146-4833},
 pages = {25--38},
 numpages = {14},
 url = {http://doi.acm.org/10.1145/248157.248160},
 doi = {10.1145/248157.248160},
 acmid = {248160},
 publisher = {ACM},
} 

@inproceedings{35590,
title = {Moving Beyond End-to-End Path Information to Optimize CDN Performance},
author  = {Rupa Krishnan and Harsha V. Madhyastha and Sushant Jain and Sridhar Srinivasan and Arvind Krishnamurthy and Thomas Anderson and Jie Gao},
year  = 2009,
URL = {http://research.google.com/archive/imc191/imc191.pdf},
booktitle = {Internet Measurement Conference (IMC)},
pages = {190--201},
address = {Chicago, IL}
}

@inproceedings{Flach:2012:QVD:2398776.2398804,
 author = {Flach, Tobias and Katz-Bassett, Ethan and Govindan, Ramesh},
 title = {Quantifying Violations of Destination-based Forwarding on the Internet},
 booktitle = {Proceedings of the 2012 ACM Conference on Internet Measurement Conference},
 series = {IMC '12},
 year = {2012},
 isbn = {978-1-4503-1705-4},
 location = {Boston, Massachusetts, USA},
 pages = {265--272},
 numpages = {8},
 url = {http://doi.acm.org/10.1145/2398776.2398804},
 doi = {10.1145/2398776.2398804},
 acmid = {2398804},
 publisher = {ACM},
 keywords = {forwarding, measurements, ping, routing, traceroute},
} 





@misc { googlepubdns,
         year = {2016},
        title = "{Google Public DNS}",
        note = "\url{https://developers.google.com/speed/public-dns/docs/using?hl=en}",
}


@misc { opendns,
         year = {2016},
        title = "{OpenDNS}",
        note = "\url{https://www.opendns.com/}",
}

@misc { dnspythonecs,
         year = {2016},
        title = "{ECS for dnspython}",
        note = "\url{https://github.com/mutax/dnspython-clientsubnetoption}"
}


@misc { cdnplanet,
         year = {2016},
        title = "{Which CDNS support EDNS-client-subnet}",
        note = "\url{https://cloud.google.com/dns/}",
}


@misc { godaddydns,
         year = {2016},
        title = "{GoDaddy: Premium DNS}",
        note = "\url{https://www.godaddy.com/domains/dns-hosting.aspx}",
}


@misc { akamaidns,
         year = {2016},
        title = "{Akamai: Fast DNS}",
        note = "\url{https://www.akamai.com/us/en/solutions/products/cloud-security/fast-dns.jsp}",
}

@misc { amazondns,
         year = {2016},
        title = "{Amazon Route 53}",
        note = "\url{https://aws.amazon.com/route53/}",
}

@misc { googledns,
         year = {2016},
        title = "{Google Cloud Platform: Cloud DNS}",
        note = "\url{https://cloud.google.com/dns/}",
}




@misc { verisigndns,
         year = {2016},
        title = "{Verisign Managed DNS}",
        note = "\url{http://www.verisign.com/en_US/security-services/dns-management/index.xhtml}",
}



@misc { ultradns,
         year = {2016},
        title = "{Neustar DNS Services}",
        note = "\url{https://www.neustar.biz/services/dns-services}",
}


@misc { dnsmadeeasydns,
         year = {2016},
        title = "{DNSMadeEasy}",
        note = "\url{http://www.dnsmadeeasy.com/}",
}



@misc { cdnetdns,
         year = {2016},
        title = "{CDNetworks Cloud DNS}",
        note = "\url{https://www.cdnetworks.com/products/cloud-dns/}",
}





@misc { dyndns,
         year = {2016},
        title = "{Dyn DNS}",
        note = "\url{http://dyn.com/dns/}",
}



@misc { azuredns,
         year = {2016},
        title = "{Azure DNS}",
        note = "\url{https://azure.microsoft.com/en-us/services/dns/}",
}


@misc { cedexis,
         year = {2016},
        title = "{Cedexis}",
        note = "\url{ http://www.cedexis.com/}",
}


@misc { cubecdn,
         year = {2016},
        title = "{Netdirekt: Content Hosting - CDN}",
        note = "\url{http://www.netdirekt.com.tr/cdn-large.html}",
}


@misc { cloudfaredns,
         year = {2016},
        title = "{C}loudfare: {G}lobal, fast and always secure authoritative {DNS}",
        note = "\url{https://www.cloudflare.com/dns/}",
}


@misc { verizondns,
         year = {2016},
        title = "{V}erizon {ROUTE}: {F}ast, {R}eliable {E}nterprise-{C}lass {S}ervices for {D}omain {N}ame {S}ystem ({DNS})",
        note = "\url{https://www.verizondigitalmedia.com/platform/route/}",
}

@inproceedings{anycast,
 author = {Calder, Matt and Flavel, Ashley and Katz-Bassett, Ethan and Mahajan, Ratul and
 Padhye, Jitendra},
 title = {Analyzing the Performance of an Anycast CDN},
 booktitle = {Proceedings of the 2015 ACM Conference on Internet Measurement Conference},
 series = {IMC '15},
 year = {2015},
 isbn = {978-1-4503-3848-6},
 location = {Tokyo, Japan},
 pages = {531--537},
 numpages = {7},
 url = {http://doi.acm.org/10.1145/2815675.2815717},
 doi = {10.1145/2815675.2815717},
 acmid = {2815717},
 publisher = {ACM},
 keywords = {anycast, cdn, measurement},
} 

@inproceedings{ ecs15sigcomm,
    author = "F. Chen and R. Sitaraman and M. Torres",
    title = "End-User Mapping: Next Generation Request Routing for Content Delivery",
    booktitle = "Proceedings of ACM SIGCOMM '15",
    year = "2015",
    month = aug,
    address =   "London, UK"
}




@inproceedings{Ager:2010:CDR:1879141.1879144,
 author = {Ager, Bernhard and M\"{u}hlbauer, Wolfgang and Smaragdakis, Georgios and Uhlig, Steve},
 title = {Comparing DNS Resolvers in the Wild},
 booktitle = {Proceedings of the 10th ACM SIGCOMM Conference on Internet Measurement},
 series = {IMC '10},
 year = {2010},
 isbn = {978-1-4503-0483-2},
 location = {Melbourne, Australia},
 pages = {15--21},
 numpages = {7},
 url = {http://doi.acm.org/10.1145/1879141.1879144},
 doi = {10.1145/1879141.1879144},
 acmid = {1879144},
 publisher = {ACM},
 keywords = {DNS resolvers, measurement, performance analysis},
} 





@inproceedings{Mao:2002:PEE:647057.759950,
 author = {Mao, Zhuoqing Morley and Cranor, Charles D. and Douglis, Fred and Rabinovich, Michael and Spatscheck, Oliver and Wang, Jia},
 title = {A Precise and Efficient Evaluation of the Proximity Between Web Clients and Their Local DNS Servers},
 booktitle = {Proceedings of the General Track of the Annual Conference on USENIX Annual Technical Conference},
 series = {ATEC '02},
 year = {2002},
 isbn = {1-880446-00-6},
 pages = {229--242},
 numpages = {14},
 url = {http://dl.acm.org/citation.cfm?id=647057.759950},
 acmid = {759950},
 publisher = {USENIX Association},
 address = {Berkeley, CA, USA},
} 





@inproceedings {188999,
author = {Aditya Ganjam and Faisal Siddiqui and Jibin Zhan and Xi Liu and Ion Stoica and Junchen Jiang and Vyas Sekar and Hui Zhang},
title = {C3: Internet-Scale Control Plane for Video Quality Optimization},
booktitle = {12th USENIX Symposium on Networked Systems Design and Implementation (NSDI 15)},
year = {2015},
month = May,
isbn = {978-1-931971-218},
address = {Oakland, CA},
pages = {131--144},
url = {https://www.usenix.org/conference/nsdi15/technical-sessions/presentation/ganjam},
publisher = {USENIX Association},
}


@inproceedings {189010,
author = {Michael Butkiewicz and Daimeng Wang and Zhe Wu and Harsha V. Madhyastha and Vyas Sekar},
title = {Klotski: Reprioritizing Web Content to Improve User Experience on Mobile Devices},
booktitle = {12th USENIX Symposium on Networked Systems Design and Implementation (NSDI 15)},
year = {2015},
month = May,
isbn = {978-1-931971-218},
address = {Oakland, CA},
pages = {439--453},
url = {https://www.usenix.org/conference/nsdi15/technical-sessions/presentation/butkiewicz},
publisher = {USENIX Association},
}


@inproceedings {194916,
author = {Ravi Netravali and Ameesh Goyal and James Mickens and Hari Balakrishnan},
title = {Polaris: Faster Page Loads Using Fine-grained Dependency Tracking},
booktitle = {13th USENIX Symposium on Networked Systems Design and Implementation (NSDI 16)},
year = {2016},
month = Mar,
address = {Santa Clara, CA},
url = {https://www.usenix.org/conference/nsdi16/technical-sessions/presentation/netravali},
publisher = {USENIX Association},
}

@inproceedings {194914,
author = {Xiao Sophia Wang and Arvind Krishnamurthy and David Wetherall},
title = {Speeding up Web Page Loads with Shandian},
booktitle = {13th USENIX Symposium on Networked Systems Design and Implementation (NSDI 16)},
year = {2016},
month = Mar,
isbn = {978-1-931971-29-4},
address = {Santa Clara, CA},
pages = {109--122},
url = {https://www.usenix.org/conference/nsdi16/technical-sessions/presentation/wang},
publisher = {USENIX Association},
}

@inproceedings{Huang:2014:BAR:2619239.2626296,
 author = {Huang, Te-Yuan and Johari, Ramesh and McKeown, Nick and Trunnell, Matthew and Watson, Mark},
 title = {A Buffer-based Approach to Rate Adaptation: Evidence from a Large Video Streaming Service},
 booktitle = {Proceedings of the 2014 ACM Conference on SIGCOMM},
 series = {SIGCOMM '14},
 year = {2014},
 isbn = {978-1-4503-2836-4},
 location = {Chicago, Illinois, USA},
 pages = {187--198},
 numpages = {12},
 url = {http://doi.acm.org/10.1145/2619239.2626296},
 doi = {10.1145/2619239.2626296},
 acmid = {2626296},
 publisher = {ACM},
 keywords = {http-based video streaming, video rate adaptation algorithm},
} 


@misc { shopzilla,
         year = {2016},
        title = " Shopzilla: faster page load time = 12 percent revenue increase",
        note = "\url{ http://www. strangeloopnetworks.com/resources/ infographics/web-performance-andecommerce/shopzilla-faster-pages- 12-revenue-increase/}",
}



@misc { lat-cost,
         year = {2016},
        title = " The Cost of Latency",
        note = "\url{ http://perspectives.mvdirona.com/2009/10/the-cost-of-latency/}",
}



@inproceedings{Padhye:1998:MTT:285237.285291,
 author = {Padhye, Jitendra and Firoiu, Victor and Towsley, Don and Kurose, Jim},
 title = {Modeling TCP Throughput: A Simple Model and Its Empirical Validation},
 booktitle = {Proceedings of the ACM SIGCOMM '98 Conference on Applications, Technologies, Architectures, and Protocols for Computer Communication},
 series = {SIGCOMM '98},
 year = {1998},
 isbn = {1-58113-003-1},
 location = {Vancouver, British Columbia, Canada},
 pages = {303--314},
 numpages = {12},
 url = {http://doi.acm.org/10.1145/285237.285291},
 doi = {10.1145/285237.285291},
 acmid = {285291},
 publisher = {ACM},
} 

@misc { greta,
         year = {2016},
        title = "{S}wedens {G}reta wants to disrupt the multi-billion {CDN} market",
        note = "\url{https://techcrunch.com/2016/08/30/greta/}",
}

@inproceedings{Alzoubi2013,
 author = {Alzoubi, Hussein A. and Rabinovich, Michael and Spatscheck, Oliver},
 title = {The Anatomy of LDNS Clusters: Findings and Implications for Web Content Delivery},
 booktitle = {Proceedings of the 22Nd International Conference on World Wide Web},
 series = {WWW '13},
 year = {2013},
 isbn = {978-1-4503-2035-1},
 location = {Rio de Janeiro, Brazil},
 pages = {83--94},
 numpages = {12},
 url = {http://doi.acm.org/10.1145/2488388.2488397},
 doi = {10.1145/2488388.2488397},
 acmid = {2488397},
 publisher = {ACM},
 keywords = {content delivery network, dns, request routing},
}

BibTeX | EndNote | ACM Ref
@inproceedings{Rula2014,
 author = {Rula, John P. and Bustamante, Fabian E.},
 title = {Behind the Curtain: Cellular DNS and Content Replica Selection},
 booktitle = {Proceedings of the 2014 Conference on Internet Measurement Conference},
 series = {IMC '14},
 year = {2014},
 isbn = {978-1-4503-3213-2},
 location = {Vancouver, BC, Canada},
 pages = {59--72},
 numpages = {14},
 url = {http://doi.acm.org/10.1145/2663716.2663734},
 doi = {10.1145/2663716.2663734},
 acmid = {2663734},
 publisher = {ACM},
 keywords = {cellular dns, content delivery networks, domain name system},
}

@inproceedings{namehelp,
 author = {Otto, John S. and S\'{a}nchez, Mario A. and Rula, John P. and Stein, Ted and
 Bustamante, Fabi\'{a}n E.},
 title = {Namehelp: Intelligent Client-side DNS Resolution},
 booktitle = {Proceedings of the ACM SIGCOMM 2012 Conference on Applications,
 Technologies, Architectures, and Protocols for Computer Communication},
 series = {SIGCOMM '12},
 year = {2012},
 isbn = {978-1-4503-1419-0},
 location = {Helsinki, Finland},
 pages = {287--288},
 numpages = {2},
 url = {http://doi.acm.org/10.1145/2342356.2342413},
 doi = {10.1145/2342356.2342413},
 acmid = {2342413},
 publisher = {ACM},
 keywords = {content delivery networks, domain name system},
}



@inproceedings{Vissicchio:2015:CCO:2785956.2787497,
 author = {Vissicchio, Stefano and Tilmans, Olivier and Vanbever, Laurent and Rexford, Jennifer},
 title = {Central Control Over Distributed Routing},
 booktitle = {Proceedings of the 2015 ACM Conference on Special Interest Group on Data Communication},
 series = {SIGCOMM '15},
 year = {2015},
 isbn = {978-1-4503-3542-3},
 location = {London, United Kingdom},
 pages = {43--56},
 numpages = {14},
 url = {http://doi.acm.org/10.1145/2785956.2787497},
 doi = {10.1145/2785956.2787497},
 acmid = {2787497},
 publisher = {ACM},
 keywords = {SDN, fibbing, link-state routing},
} 




@inproceedings{lying16conext,
 author = {Chiesa, Marco and Retvari, Gaboe and Schapira, Michael},
 title = {Lying Your Way to Better Traffic Engineering},
 booktitle = {Proceedings of the 2016 ACM CoNEXT},
 series = {CoNEXT '16},
 year = {2016},
 location = {Irvine, CA},
 publisher = {ACM},
}

@inproceedings{paris,
 author = {Augustin, Brice and Cuvellier, Xavier and Orgogozo, Benjamin and Viger, Fabien and
 Friedman, Timur and Latapy, Matthieu and Magnien, Cl{\'e}mence and Teixeira, Renata},
 title = {Avoiding Traceroute Anomalies with Paris Traceroute},
 booktitle = {Proceedings of the 6th ACM SIGCOMM Conference on Internet Measurement},
 series = {IMC '06},
 year = {2006},
 isbn = {1-59593-561-4},
 location = {Rio de Janeriro, Brazil},
 pages = {153--158},
 numpages = {6},
 url = {http://doi.acm.org/10.1145/1177080.1177100},
 doi = {10.1145/1177080.1177100},
 acmid = {1177100},
 publisher = {ACM},
 keywords = {load balancing, traceroute},
}

@article{ldnsmm,
 author = {Huang, Cheng and Batanov, Ivan and Li, Jin},
 title = {A Practical Solution to the client-LDNS Mismatch Problem},
 journal = {SIGCOMM Comput. Commun. Rev.},
 issue_date = {April 2012},
 volume = {42},
 number = {2},
 month = mar,
 year = {2012},
 issn = {0146-4833},
 pages = {35--41},
 numpages = {7},
 url = {http://doi.acm.org/10.1145/2185376.2185381},
 doi = {10.1145/2185376.2185381},
 acmid = {2185381},
 publisher = {ACM},
 keywords = {dns, gtm, latency},
}

@inproceedings{isphelp,
 author = {Poese, Ingmar and Frank, Benjamin and Ager, Bernhard and Smaragdakis, Georgios and
 Feldmann, Anja},
 title = {Improving Content Delivery Using Provider-aided Distance Information},
 booktitle = {Proceedings of the 10th ACM SIGCOMM Conference on Internet Measurement},
 series = {IMC '10},
 year = {2010},
 isbn = {978-1-4503-0483-2},
 location = {Melbourne, Australia},
 pages = {22--34},
 numpages = {13},
 url = {http://doi.acm.org/10.1145/1879141.1879145},
 doi = {10.1145/1879141.1879145},
 acmid = {1879145},
 publisher = {ACM},
 keywords = {DNS redirection, content distribution, host diversity, residential
 traces, server selection},
}

@inproceedings{Huang08,
    author = {Huang, Cheng and Wang, Angela and Li, Jin and Ross, Keith W.},
    title = {Measuring and Evaluating Large-scale CDNs Paper Withdrawn at Mirosoft's Request},
    booktitle = {Proceedings of the 8th ACM SIGCOMM Conference on Internet Measurement},
    series = {IMC '08},
    year = {2008},
    isbn = {978-1-60558-334-1},
    location = {Vouliagmeni, Greece},
    pages = {15--29},
    numpages = {15},
    url = {http://dl.acm.org/citation.cfm?id=1452520.1455517},
    acmid = {1455517},
    publisher = {ACM},
} 

@inproceedings{Thinning08,
    author = {Su, Ao-Jan and Kuzmanovic, Aleksandar},
    title = {Thinning Akamai},
    booktitle = {Proceedings of the 8th ACM SIGCOMM Conference on Internet Measurement},
    series = {IMC '08},
    year = {2008},
    isbn = {978-1-60558-334-1},
    location = {Vouliagmeni, Greece},
    pages = {29--42},
    numpages = {14},
    url = {http://doi.acm.org/10.1145/1452520.1452525},
    doi = {10.1145/1452520.1452525},
    acmid = {1452525},
    publisher = {ACM},
    keywords = {akamai, cdn, denial of service, streaming},
} 


@misc{conviva,
     year = {2016},
    title = "Conviva",
    note = "\url{http://www.conviva.com/}",
}

@inproceedings{hotnets16cdn,
    author = {Mukerjee, Matthew K. and Bozkurt, Ilker Nadi and Maggs, Bruce and Seshan, Srinivasan
    and Zhang, Hui},
    title = {The Impact of Brokers on the Future of Content Delivery},
    booktitle = {Proceedings of the 15th ACM Workshop on Hot Topics in Networks},
    series = {HotNets '16},
    year = {2016},
    isbn = {978-1-4503-4661-0},
    location = {Atlanta, GA, USA},
    pages = {127--133},
    numpages = {7},
    url = {http://doi.acm.org/10.1145/3005745.3005749},
    doi = {10.1145/3005745.3005749},
    acmid = {3005749},
    publisher = {ACM},
} 

@inproceedings{response_time_from_server,
    author = {Olshefski, David P. and Nieh, Jason and Agrawal, Dakshi},
    title = {Inferring Client Response Time at the Web Server},
    booktitle = {Proceedings of the 2002 ACM SIGMETRICS International Conference on Measurement
    and Modeling of Computer Systems},
    series = {SIGMETRICS '02},
    year = {2002},
    isbn = {1-58113-531-9},
    location = {Marina Del Rey, California},
    pages = {160--171},
    numpages = {12},
    url = {http://doi.acm.org.turing.library.northwestern.edu/10.1145/511334.511355},
    doi = {10.1145/511334.511355},
    acmid = {511355},
    publisher = {ACM},
    address = {New York, NY, USA},
} 

@misc{cdngrowth,
     year = {2018},
    title = "Content Delivery Network (CDN) market is projected to grow at a CAGR of more than 29%
        by 2023",
    note = "\url{https://www.prnewswire.com/news-releases/content-delivery-network-cdn-market-is-projected-to-grow-at-a-cagr-of-more-than-29-by-2023-300621875.html}",
}

@misc{globaldotsmulticdn,
     year = {2018},
    title = "GlobalDots",
    note = "\url{https://www.globaldots.com/solutions/multi-cdn/}",
}

@misc{metacdnmulticdn,
     year = {2018},
    title = "MetaCDN",
    note = "\url{http://www.metacdn.com/}",
}

@misc{warpcachemulticdn,
     year = {2018},
    title = "WarpCache",
    note = "\url{https://www.warpcache.com/}",
}

@InProceedings{charcedexis,
    author="Hohlfeld, Oliver
        and R{\"u}th, Jan
        and Wolsing, Konrad
        and Zimmermann, Torsten",
    editor="Beverly, Robert
        and Smaragdakis, Georgios
        and Feldmann, Anja",
    title="Characterizing a Meta-CDN",
    booktitle="Passive and Active Measurement",
    year="2018",
    publisher="Springer International Publishing",
    address="Cham",
    pages="114--128",
}

@techreport{bgp,
      title={A border gateway protocol 4 (BGP-4)},
        author={Rekhter, Yakov and Li, Tony and Hares, Susan},
          year={2005}
}

@techreport{dns,
      title={Domain names: Implementation specification},
        author={Mockapetris, Paul V},
          year={1983}
}

@techreport{asn,
      title={Guidelines for creation, selection, and registration of an Autonomous System (AS)},
        author={Hawkinson, John and Bates, Tony},
          year={1996}
}

@inproceedings{anycastvsddos,
     author = {Moura, Giovane C.M. and Schmidt, Ricardo de O. and Heidemann, John and de Vries,
         Wouter B. and Muller, Moritz and Wei, Lan and Hesselman, Cristian},
      title = {Anycast vs. DDoS: Evaluating the November 2015 Root DNS Event},
       booktitle = {Proceedings of the 2016 Internet Measurement Conference},
        series = {IMC '16},
         year = {2016},
          isbn = {978-1-4503-4526-2},
           location = {Santa Monica, California, USA},
            pages = {255--270},
             numpages = {16},
              url = {http://doi.acm.org/10.1145/2987443.2987446},
               doi = {10.1145/2987443.2987446},
                acmid = {2987446},
                 publisher = {ACM},
                  address = {New York, NY, USA},
} 


@misc{vdmscatchment,
      title={Seeing the World with RIPE Atlas},
        author={Flores, Marcel and Stephen McQuistin},
          year={2017},
    note = "\url{https://labs.ripe.net/Members/verizon_digital/seeing-the-world-with-ripe-atlas}",
}

@inproceedings{webcart,
     author = {Ager, Bernhard and M\"{u}hlbauer, Wolfgang and Smaragdakis, Georgios and Uhlig,
         Steve},
      title = {Web Content Cartography},
       booktitle = {Proceedings of the 2011 ACM SIGCOMM Conference on Internet Measurement
           Conference},
        series = {IMC '11},
         year = {2011},
          isbn = {978-1-4503-1013-0},
           location = {Berlin, Germany},
            pages = {585--600},
             numpages = {16},
              url = {http://doi.acm.org/10.1145/2068816.2068870},
               doi = {10.1145/2068816.2068870},
                acmid = {2068870},
                 publisher = {ACM},
                  address = {New York, NY, USA},
} 


@inproceedings{benson11,
     author = {Benson, Karyn and Dowsley, Rafael and Shacham, Hovav},
      title = {Do You Know Where Your Cloud Files Are?},
       booktitle = {Proceedings of the 3rd ACM Workshop on Cloud Computing Security Workshop},
        series = {CCSW '11},
         year = {2011},
          isbn = {978-1-4503-1004-8},
           location = {Chicago, Illinois, USA},
            pages = {73--82},
             numpages = {10},
              url = {http://doi.acm.org/10.1145/2046660.2046677},
               doi = {10.1145/2046660.2046677},
                acmid = {2046677},
                 publisher = {ACM},
                  address = {New York, NY, USA},
} 

@inproceedings{Luckie13,
     author = {Luckie, Matthew and Huffaker, Bradley and Dhamdhere, Amogh and Giotsas, Vasileios and
         claffy, kc},
      title = {AS Relationships, Customer Cones, and Validation},
       booktitle = {Proceedings of the 2013 Conference on Internet Measurement Conference},
        series = {IMC '13},
         year = {2013},
          isbn = {978-1-4503-1953-9},
           location = {Barcelona, Spain},
            pages = {243--256},
             numpages = {14},
              url = {http://doi.acm.org/10.1145/2504730.2504735},
               doi = {10.1145/2504730.2504735},
                acmid = {2504735},
                 publisher = {ACM},
                  address = {New York, NY, USA},
} 

@inproceedings{Tariq,
     author = {Tariq, Mukarram and Zeitoun, Amgad and Valancius, Vytautas and Feamster, Nick and
         Ammar, Mostafa},
      title = {Answering What-if Deployment and Configuration Questions with Wise},
       booktitle = {Proceedings of the ACM SIGCOMM 2008 Conference on Data Communication},
        series = {SIGCOMM '08},
         year = {2008},
          isbn = {978-1-60558-175-0},
           location = {Seattle, WA, USA},
            pages = {99--110},
             numpages = {12},
              url = {http://doi.acm.org/10.1145/1402958.1402971},
               doi = {10.1145/1402958.1402971},
                acmid = {1402971},
                 publisher = {ACM},
                  address = {New York, NY, USA},
} 

@inproceedings{rajamony,
      title={Measuring Client-Perceived Response Time on the WWW.},
        author={Rajamony, Ramakrishnan and Elmootazbellah (Mootaz) Elnozahy},
          booktitle={USITS},
            year={2001}
}

@article{mosberger1998httperf,
      title={httperf—a tool for measuring web server performance},
        author={Mosberger, David and Jin, Tai},
          journal={ACM SIGMETRICS Performance Evaluation Review},
            volume={26},
              number={3},
                pages={31--37},
                  year={1998},
                    publisher={ACM}
}

@inproceedings{Flach,
     author = {Flach, Tobias and Katz-Bassett, Ethan and Govindan, Ramesh},
      title = {Diagnosing Slow Web Page Access at the Client Side},
       booktitle = {Proceedings of the 2013 Workshop on Student Workhop},
        series = {CoNEXT Student Workhop '13},
         year = {2013},
          isbn = {978-1-4503-2575-2},
           location = {Santa Barbara, California, USA},
            pages = {59--62},
             numpages = {4},
              url = {http://doi.acm.org/10.1145/2537148.2537160},
               doi = {10.1145/2537148.2537160},
                acmid = {2537160},
                 publisher = {ACM},
                  address = {New York, NY, USA},
                   keywords = {internet measurements, performance anomalies, web latency},
} 

@inproceedings{mahoney2003analysis,
      title={An analysis of the 1999 DARPA/Lincoln Laboratory evaluation data for network anomaly
          detection},
        author={Mahoney, Matthew V and Chan, Philip K},
          booktitle={International Workshop on Recent Advances in Intrusion Detection},
            pages={220--237},
              year={2003},
                organization={Springer}
}

@article{bhuyan2014network,
      title={Network anomaly detection: methods, systems and tools},
        author={Bhuyan, Monowar H and Bhattacharyya, Dhruba Kumar and Kalita, Jugal K},
          journal={Ieee communications surveys \& tutorials},
            volume={16},
              number={1},
                pages={303--336},
                  year={2014},
                    publisher={IEEE}
}

@misc{cdnforecast,
      title={Cisco Visual Networking Index: Forecast and Methodology, 2016-2021},
        author={Cisco Systems, Inc.},
          year={2017},
    note = "\url{https://www.cisco.com/c/en/us/solutions/collateral/service-provider/visual-networking-index-vni/complete-white-paper-c11-481360.html}",
}

